

@article{ade2018evaluating,
  title={Evaluating different {DNA} binding domains to modulate {L1} {ORF2p}-driven site-specific retrotransposition events in human cells},
  author={Ade, Catherine M and Derbes, Rebecca S and Wagstaff, Bradley J and Linker, Sara B and White, Travis B and Deharo, Dawn and Belancio, Victoria P and Ivics, Zolt{\'a}n and Roy-Engel, Astrid M},
  journal={Gene},
  volume={642},
  pages={188--198},
  year={2018},
  publisher={Elsevier}
}

@article{zingler2005analysis,
  title={Analysis of 5' junctions of human {LINE-1} and {Alu} retrotransposons suggests an alternative model for 5'-end attachment requiring microhomology-mediated end-joining},
  author={Zingler, Nora and Willhoeft, Ute and Brose, Hans-Peter and Schoder, Volker and Jahns, Thomas and Hanschmann, Kay-Martin O and Morrish, Tammy A and L{\"o}wer, Johannes and Schumann, Gerald G},
  journal={Genome Research},
  volume={15},
  number={6},
  pages={780--789},
  year={2005},
  publisher={Cold Spring Harbor Lab}
}

@article{macia2017engineered,
  title={Engineered {LINE-1} retrotransposition in nondividing human neurons},
  author={Macia, Angela and Widmann, Thomas J and Heras, Sara R and Ayllon, Veronica and Sanchez, Laura and Benkaddour-Boumzaouad, Meriem and Mu{\~n}oz-Lopez, Martin and Rubio, Alejandro and Amador-Cubero, Suyapa and Blanco-Jimenez, Eva and others},
  journal={Genome Research},
  volume={27},
  number={3},
  pages={335--348},
  year={2017},
  publisher={Cold Spring Harbor Lab}
}

@article{naorem2017dgr,
  title={{DGR} mutagenic transposition occurs via hypermutagenic reverse transcription primed by nicked template {RNA}},
  author={Naorem, Santa S and Han, Jin and Wang, Shufang and Lee, William R and Heng, Xiao and Miller, Jeff F and Guo, Huatao},
  journal={Proceedings of the National Academy of Sciences},
  volume={114},
  number={47},
  pages={E10187--E10195},
  year={2017},
  publisher={National Acad Sciences}
}

@article{pingoud2001structure,
  title={Structure and function of type II restriction endonucleases},
  author={Pingoud, Alfred and Jeltsch, Albert},
  journal={Nucleic Acids Research},
  volume={29},
  number={18},
  pages={3705--3727},
  year={2001},
  publisher={Oxford University Press}
}

@article{mahbub2017globular,
  title={Globular domain structure and function of restriction-like-endonuclease {LINEs}: similarities to eukaryotic splicing factor {Prp8}},
  author={Mahbub, M Murshida and Chowdhury, Saiful M and Christensen, Shawn M},
  journal={Mobile {DNA}},
  volume={8},
  number={1},
  pages={16},
  year={2017},
  publisher={BioMed Central}
}

@article{auer2014highly,
  title={Highly efficient {CRISPR/Cas9}-mediated knock-in in zebrafish by homology-independent {DNA} repair},
  author={Auer, Thomas O and Duroure, Karine and De Cian, Anne and Concordet, Jean-Paul and Del Bene, Filippo},
  journal={Genome Research},
  volume={24},
  number={1},
  pages={142--153},
  year={2014},
  publisher={Cold Spring Harbor Lab}
}

@article{cox2017rna,
  title={{RNA editing with CRISPR-Cas13}},
  author={Cox, David BT and Gootenberg, Jonathan S and Abudayyeh, Omar O and Franklin, Brian and Kellner, Max J and Joung, Julia and Zhang, Feng},
  journal={Science},
  volume={358},
  number={6366},
  pages={1019--1027},
  year={2017},
  publisher={American Association for the Advancement of Science}
}

@article{gerlach2018efficient,
  title={Efficient Knock-in of a Point Mutation in Porcine Fibroblasts Using the {CRISPR/Cas9-GMNN} Fusion Gene},
  author={Gerlach, Max and Kraft, Theresia and Brenner, Bernhard and Petersen, Bj{\"o}rn and Niemann, Heiner and Montag, Judith},
  journal={Genes},
  volume={9},
  number={6},
  pages={296},
  year={2018},
  publisher={Multidisciplinary Digital Publishing Institute}
}

@article{ran2013genome,
  title={Genome engineering using the {CRISPR-Cas9} system},
  author={Ran, F Ann and Hsu, Patrick D and Wright, Jason and Agarwala, Vineeta and Scott, David A and Zhang, Feng},
  journal={Nature Protocols},
  volume={8},
  number={11},
  pages={2281},
  year={2013},
  publisher={Nature Publishing Group}
}

@article{hsu2014development,
  title={Development and applications of {CRISPR-Cas9} for genome engineering},
  author={Hsu, Patrick D and Lander, Eric S and Zhang, Feng},
  journal={Cell},
  volume={157},
  number={6},
  pages={1262--1278},
  year={2014},
  publisher={Elsevier}
}

@article{ran2013double,
  title={Double nicking by RNA-guided CRISPR Cas9 for enhanced genome editing specificity},
  author={Ran, F Ann and Hsu, Patrick D and Lin, Chie-Yu and Gootenberg, Jonathan S and Konermann, Silvana and Trevino, Alexandro E and Scott, David A and Inoue, Azusa and Matoba, Shogo and Zhang, Yi and others},
  journal={Cell},
  volume={154},
  number={6},
  pages={1380--1389},
  year={2013},
  publisher={Elsevier}
}

@article{zhang2017programmable,
  title={Programmable base editing of zebrafish genome using a modified CRISPR-Cas9 system},
  author={Zhang, Yihan and Qin, Wei and Lu, Xiaochan and Xu, Jason and Huang, Haigen and Bai, Haipeng and Li, Song and Lin, Shuo},
  journal={Nature Communications},
  volume={8},
  number={1},
  pages={118},
  year={2017},
  publisher={Nature Publishing Group}
}

@article{barrangou2016applications,
  title={Applications of {CRISPR} technologies in research and beyond},
  author={Barrangou, Rodolphe and Doudna, Jennifer A},
  journal={Nature Biotechnology},
  volume={34},
  number={9},
  pages={933},
  year={2016},
  publisher={Nature Publishing Group}
}

@article{stewart2011comprehensive,
  title={A comprehensive map of mobile element insertion polymorphisms in humans},
  author={Stewart, Chip and Kural, Deniz and Str{\"o}mberg, Michael P and Walker, Jerilyn A and Konkel, Miriam K and St{\"u}tz, Adrian M and Urban, Alexander E and Grubert, Fabian and Lam, Hugo YK and Lee, Wan-Ping and others},
  journal={PLoS Genetics},
  volume={7},
  number={8},
  pages={e1002236},
  year={2011},
  publisher={Public Library of Science}
}

@article{joung2017genome,
  title={Genome-scale {CRISPR-Cas9} knockout and transcriptional activation screening},
  author={Joung, Julia and Konermann, Silvana and Gootenberg, Jonathan S and Abudayyeh, Omar O and Platt, Randall J and Brigham, Mark D and Sanjana, Neville E and Zhang, Feng},
  journal={Nature Protocols},
  volume={12},
  number={4},
  pages={828},
  year={2017},
  publisher={Nature Publishing Group}
}

@article{eickbush2012r2,
  title={{R2} and {R2/R1} hybrid non-autonomous retrotransposons derived by internal deletions of full-length elements},
  author={Eickbush, Danna G and Eickbush, Thomas H},
  journal={Mobile DNA},
  volume={3},
  number={1},
  pages={10},
  year={2012},
  publisher={BioMed Central}
}

@article{luan1993reverse,
  title={Reverse transcription of {R2Bm RNA} is primed by a nick at the chromosomal target site: a mechanism for non-{LTR} retrotransposition},
  author={Luan, Dongmei D and Korman, Malka H and Jakubczak, John L and Eickbush, Thomas H},
  journal={Cell},
  volume={72},
  number={4},
  pages={595--605},
  year={1993},
  publisher={Elsevier}
}

@article{christensen2006rna,
  title={{RNA} from the 5' end of the {R2} retrotransposon controls {R2} protein binding to and cleavage of its {DNA} target site},
  author={Christensen, Shawn M and Ye, Junqiang and Eickbush, Thomas H},
  journal={Proceedings of the National Academy of Sciences},
  volume={103},
  number={47},
  pages={17602--17607},
  year={2006},
  publisher={National Acad Sciences}
}

@article{Delaneau:2019,
  title={Accurate, scalable and integrative haplotype estimation},
  volume={10},
  ISSN={2041-1723},
  url={http://dx.doi.org/10.1038/s41467-019-13225-y},
  DOI={10.1038/s41467-019-13225-y},
  number={1},
  journal={Nature Communications},
  publisher={Springer Science and Business Media LLC},
  author={Delaneau, Olivier and Zagury, Jean-Fran√ßois and Robinson, Matthew R. and Marchini, Jonathan L. and Dermitzakis, Emmanouil T.},
  year={2019},
  month={Nov}
}

@article{Guarracino:2021,
  title={{ODGI}: understanding pangenome graphs},
  url={http://dx.doi.org/10.1101/2021.11.10.467921},
  DOI={10.1101/2021.11.10.467921},
  publisher={Cold Spring Harbor Laboratory},
  journal={bioRxiv},
  author={Guarracino, Andrea and Heumos, Simon and Nahnsen, Sven and Prins, Pjotr and Garrison, Erik},
  year={2021},
  month={Nov}
}

@article{billon2017crispr,
  title={CRISPR-mediated base editing enables efficient disruption of eukaryotic genes through induction of STOP codons},
  author={Billon, Pierre and Bryant, Eric E and Joseph, Sarah A and Nambiar, Tarun S and Hayward, Samuel B and Rothstein, Rodney and Ciccia, Alberto},
  journal={Molecular cell},
  volume={67},
  number={6},
  pages={1068--1079},
  year={2017},
  publisher={Elsevier}
}

@article{konermann2015genome,
  title={Genome-scale transcriptional activation by an engineered {CRISPR-Cas9} complex},
  author={Konermann, Silvana and Brigham, Mark D and Trevino, Alexandro E and Joung, Julia and Abudayyeh, Omar O and Barcena, Clea and Hsu, Patrick D and Habib, Naomi and Gootenberg, Jonathan S and Nishimasu, Hiroshi and others},
  journal={Nature},
  volume={517},
  number={7536},
  pages={583},
  year={2015},
  publisher={Nature Publishing Group}
}

@article{kurzynska2007dna,
  title={{DNA}-directed {DNA} polymerase and strand displacement activity of the reverse transcriptase encoded by the {R2} retrotransposon},
  author={Kurzynska-Kokorniak, Anna and Jamburuthugoda, Varuni K and Bibillo, Arkadiusz and Eickbush, Thomas H},
  journal={Journal of Molecular Biology},
  volume={374},
  number={2},
  pages={322--333},
  year={2007},
  publisher={Elsevier}
}

@article{ostertag2001biology,
  title={Biology of mammalian L1 retrotransposons},
  author={Ostertag, Eric M and Kazazian Jr, Haig H},
  journal={Annual review of genetics},
  volume={35},
  number={1},
  pages={501--538},
  year={2001},
  publisher={Annual Reviews 4139 El Camino Way, PO Box 10139, Palo Alto, CA 94303-0139, USA}
}
    
@article{international2001initial,
  title={Initial sequencing and analysis of the human genome},
  author={International Human Genome Sequencing Consortium and others},
  journal={Nature},
  volume={409},
  number={6822},
  pages={860},
  year={2001},
  publisher={Nature Publishing Group}
}

@article{wicker2007unified,
  title={A unified classification system for eukaryotic transposable elements},
  author={Wicker, Thomas and Sabot, Fran{\c{c}}ois and Hua-Van, Aur{\'e}lie and Bennetzen, Jeffrey L and Capy, Pierre and Chalhoub, Boulos and Flavell, Andrew and Leroy, Philippe and Morgante, Michele and Panaud, Olivier and others},
  journal={Nature Reviews Genetics},
  volume={8},
  number={12},
  pages={973},
  year={2007},
  publisher={Nature Publishing Group}
}

@article{guo2018high,
  title={High-throughput creation and functional profiling of DNA sequence variant libraries using CRISPR--Cas9 in yeast},
  author={Guo, Xiaoge and Chavez, Alejandro and Tung, Angela and Chan, Yingleong and Kaas, Christian and Yin, Yi and Cecchi, Ryan and Garnier, Santiago Lopez and Kelsic, Eric D and Schubert, Max and others},
  journal={Nature biotechnology},
  volume={36},
  number={6},
  pages={540},
  year={2018},
  publisher={Nature Publishing Group}
}

@article{dominguez2016beyond,
  title={Beyond editing: repurposing CRISPR--Cas9 for precision genome regulation and interrogation},
  author={Dominguez, Antonia A and Lim, Wendell A and Qi, Lei S},
  journal={Nature reviews Molecular cell biology},
  volume={17},
  number={1},
  pages={5},
  year={2016},
  publisher={Nature Publishing Group}
}

@article{chu2015increasing,
  title={Increasing the efficiency of homology-directed repair for {CRISPR-Cas9}-induced precise gene editing in mammalian cells},
  author={Chu, Van Trung and Weber, Timm and Wefers, Benedikt and Wurst, Wolfgang and Sander, Sandrine and Rajewsky, Klaus and K{\"u}hn, Ralf},
  journal={Nature Biotechnology},
  volume={33},
  number={5},
  pages={543},
  year={2015},
  publisher={Nature Publishing Group}
}

@article{kapitonov2016isc,
  title={ISC, a novel group of bacterial and archaeal DNA transposons that encode Cas9 homologs},
  author={Kapitonov, Vladimir V and Makarova, Kira S and Koonin, Eugene V},
  journal={Journal of bacteriology},
  volume={198},
  number={5},
  pages={797--807},
  year={2016},
  publisher={Am Soc Microbiol}
}

@article{regalado2015rebooting,
  title={Rebooting the human genome},
  author={Regalado, A},
  journal={MIT Technology Review},
  year={2015}
}

@article{garrison2012haplotype,
  title={Haplotype-based variant detection from short-read sequencing},
  author={Garrison, Erik and Marth, Gabor},
  journal={arXiv:1207.3907},
  year={2012}
}

@article{1000g2015,
  title={A global reference for human genetic variation},
  author={1000 Genomes Project Consortium and others},
  journal={Nature},
  volume={526},
  number={7571},
  pages={68--74},
  year={2015},
  publisher={Nature Publishing Group}
}

@article{church2018genomes,
  title={Genomes for all},
  author={Church, Deanna M},
  journal={Nature Biotechnology},
  volume={36},
  number={9},
  pages={815--816},
  year={2018},
  publisher={Nature Publishing Group}
}

@article{shendure2005accurate,
  title={Accurate multiplex polony sequencing of an evolved bacterial genome},
  author={Shendure, Jay and Porreca, Gregory J and Reppas, Nikos B and Lin, Xiaoxia and McCutcheon, John P and Rosenbaum, Abraham M and Wang, Michael D and Zhang, Kun and Mitra, Robi D and Church, George M},
  journal={Science},
  volume={309},
  number={5741},
  pages={1728--1732},
  year={2005},
  publisher={{American Association for the Advancement of Science}}
}

@article{garamella2016all,
  title={{The all E. coli TX-TL Toolbox 2.0: A platform for cell-free synthetic biology}},
  author={Garamella, Jonathan and Marshall, Ryan and Rustad, Mark and Noireaux, Vincent},
  journal={ACS Synthetic Biology},
  volume={5},
  number={4},
  pages={344--355},
  year={2016},
  publisher={ACS Publications}
}

@article{chari2017beyond,
  title={Beyond editing to writing large genomes},
  author={Chari, Raj and Church, George M},
  journal={Nature Reviews Genetics},
  volume={18},
  number={12},
  pages={749},
  year={2017},
  publisher={Nature Publishing Group}
}

@article{richardson2017design,
  title={Design of a synthetic yeast genome},
  author={Richardson, Sarah M and Mitchell, Leslie A and Stracquadanio, Giovanni and Yang, Kun and Dymond, Jessica S and DiCarlo, James E and Lee, Dongwon and Huang, Cheng Lai Victor and Chandrasegaran, Srinivasan and Cai, Yizhi and others},
  journal={Science},
  volume={355},
  number={6329},
  pages={1040--1044},
  year={2017},
  publisher={American Association for the Advancement of Science}
}

@article{nevin1991coupled,
  title={A coupled in vitro transcription-translation system for the exclusive synthesis of polypeptides expressed from the T7 promoter},
  author={Nevin, Debra E and Pratt, Julie M},
  journal={FEBS letters},
  volume={291},
  number={2},
  pages={259--263},
  year={1991},
  publisher={Wiley Online Library}
}

@article{kosicki2018repair,
  title={Repair of double-strand breaks induced by {CRISPR--Cas9} leads to large deletions and complex rearrangements},
  author={Kosicki, Michael and Tomberg, K{\"a}rt and Bradley, Allan},
  journal={Nature Biotechnology},
  volume={36},
  number={8},
  pages={765},
  year={2018},
  publisher={Nature Publishing Group}
}

@article{sternberg2015conformational,
  title={Conformational control of {DNA} target cleavage by {CRISPR--Cas9}},
  author={Sternberg, Samuel H and LaFrance, Benjamin and Kaplan, Matias and Doudna, Jennifer A},
  journal={Nature},
  volume={527},
  number={7576},
  pages={110},
  year={2015},
  publisher={Nature Publishing Group}
}

@article{ivics2007targeted,
  title={Targeted {S}leeping {B}eauty transposition in human cells},
  author={Ivics, Zolt{\'a}n and Katzer, Andrea and St{\"u}we, Eva E and Fiedler, Dora and Knespel, Siegne and Izsv{\'a}k, Zsuzsanna},
  journal={Molecular Therapy},
  volume={15},
  number={6},
  pages={1137--1144},
  year={2007},
  publisher={Elsevier}
}

@article{strother2018targeted,
  title={Targeted Insertion of the {mPing} Transposable Element},
  author={Strother, Ashley E and Diaz, Stephanie S and Baker, Mary E and Hancock, C Nathan},
  journal={Journal of the South Carolina Academy of Science},
  volume={16},
  number={1},
  pages={12},
  year={2018}
}

@article{yue2017contrasting,
  title={Contrasting evolutionary genome dynamics between domesticated and wild yeasts},
  author={Yue, Jia-Xing and Li, Jing and Aigrain, Louise and Hallin, Johan and Persson, Karl and Oliver, Karen and Bergstr{\"o}m, Anders and Coupland, Paul and Warringer, Jonas and Lagomarsino, Marco Cosentino and others},
  journal={Nature Genetics},
  volume={49},
  number={6},
  pages={913--924},
  year={2017},
  publisher={Nature Research}
}

@article{Paten:2011fva,
  author = {Paten, Benedict and Earl, Dent and Nguyen, Ngan and Diekhans, Mark and Zerbino, Daniel and Haussler, David},
  title = {{Cactus: Algorithms for genome multiple sequence alignment.}},
  journal = {Genome Research},
  year = {2011},
  volume = {21},
  number = {9},
  pages = {1512--1528},
  affiliation = {Center for Biomolecular Science and Engineering, University of California-Santa Cruz, CA 95064, USA. benedict@soe.ucsc.edu},
  file = {{Genome Research 2011 Paten.pdf:/Users/benedictpaten/Google Drive/Papers2/Articles/2011/Paten/Genome Research 2011 Paten.pdf:application/pdf}}
}

@article{wick2015bandage,
  title={Bandage: interactive visualization of de novo genome assemblies},
  author={Wick, Ryan R and Schultz, Mark B and Zobel, Justin and Holt, Kathryn E},
  journal={Bioinformatics},
  volume={31},
  number={20},
  pages={3350--3352},
  year={2015},
  publisher={Oxford University Press}
}

@article{Uddin_2020,
  title={CRISPR Gene Therapy: Applications, Limitations, and Implications for the Future},
  volume={10},
  ISSN={2234-943X},
  url={http://dx.doi.org/10.3389/fonc.2020.01387},
  DOI={10.3389/fonc.2020.01387},
  journal={Frontiers in Oncology},
  publisher={Frontiers Media SA},
  author={Uddin, Fathema and Rudin, Charles M. and Sen, Triparna},
  year={2020},
  month={Aug}
}

@article{Ran_2013,
  title={Genome engineering using the CRISPR-Cas9 system},
  volume={8},
  ISSN={1750-2799},
  url={http://dx.doi.org/10.1038/nprot.2013.143},
  DOI={10.1038/nprot.2013.143},
  number={11},
  journal={Nature Protocols},
  publisher={Springer Science and Business Media LLC},
  author={Ran, F Ann and Hsu, Patrick D and Wright, Jason and Agarwala, Vineeta and Scott, David A and Zhang, Feng},
  year={2013},
  month={Oct},
  pages={2281-2308}
}

@article{Price_2020,
  title={Expanding and understanding the CRISPR toolbox for
Bacillus subtilis
with MAD7 and dMAD7},
  volume={117},
  ISSN={1097-0290},
  url={http://dx.doi.org/10.1002/bit.27312},
  DOI={10.1002/bit.27312},
  number={6},
  journal={Biotechnology and Bioengineering},
  publisher={Wiley},
  author={Price, Marcus A. and Cruz, Rita and Bryson, James and Escalettes, Franck and Rosser, Susan J.},
  year={2020},
  month={Mar},
  pages={1805-1816}
}

@article{Dutton_2019,
  title={Gene Editing Startups Fabricate Industrial-Grade CRISPR Tools},
  volume={39},
  ISSN={1937-8661},
  url={http://dx.doi.org/10.1089/gen.39.06.14},
  DOI={10.1089/gen.39.06.14},
  number={6},
  journal={Genetic Engineering and Biotechnology News},
  publisher={Mary Ann Liebert Inc},
  author={Dutton, Gail},
  year={2019},
  month={Jun},
  pages={38-41}
}

@article{Browning_2021,
  title={Fast two-stage phasing of large-scale sequence data},
  volume={108},
  ISSN={0002-9297},
  url={http://dx.doi.org/10.1016/j.ajhg.2021.08.005},
  DOI={10.1016/j.ajhg.2021.08.005},
  number={10},
  journal={The American Journal of Human Genetics},
  publisher={Elsevier BV},
  author={Browning, Brian L. and Tian, Xiaowen and Zhou, Ying and Browning, Sharon R.},
  year={2021},
  month={Oct},
  pages={1880-1890}
}

@article{Anzalone_2021,
  title={Programmable deletion, replacement, integration and inversion of large DNA sequences with twin prime editing},
  ISSN={1546-1696},
  url={http://dx.doi.org/10.1038/s41587-021-01133-w},
  DOI={10.1038/s41587-021-01133-w},
  journal={Nature Biotechnology},
  publisher={Springer Science and Business Media LLC},
  author={Anzalone, Andrew V. and Gao, Xin D. and Podracky, Christopher J. and Nelson, Andrew T. and Koblan, Luke W. and Raguram, Aditya and Levy, Jonathan M. and Mercer, Jaron A. M. and Liu, David R.},
  year={2021},
  month={Dec}
}

@article{Lin_2021,
  title={Genome editing in plants with MAD7 nuclease},
  volume={48},
  ISSN={1673-8527},
  url={http://dx.doi.org/10.1016/j.jgg.2021.04.003},
  DOI={10.1016/j.jgg.2021.04.003},
  number={6},
  journal={Journal of Genetics and Genomics},
  publisher={Elsevier BV},
  author={Lin, Qiupeng and Zhu, Zixu and Liu, Guanwen and Sun, Chao and Lin, Dexing and Xue, Chenxiao and Li, Shengnan and Zhang, Dandan and Gao, Caixia and Wang, Yanpeng and et al.},
  year={2021},
  month={Jun},
  pages={444-451}
}

@article{Trimidal_2019,
  title={Can Designer Indels Be Tailored by Gene Editing?},
  volume={41},
  ISSN={1521-1878},
  url={http://dx.doi.org/10.1002/bies.201900126},
  DOI={10.1002/bies.201900126},
  number={12},
  journal={BioEssays},
  publisher={Wiley},
  author={Trimidal, Sara G. and Benjamin, Ronald and Bae, Ji Eun and Han, Mira V. and Kong, Elizabeth and Singer, Aaron and Williams, Tyler S. and Yang, Bing and Schiller, Martin R.},
  year={2019},
  month={Nov},
  pages={1900126}
}

@article{Haeussler_2016,
  title={Evaluation of off-target and on-target scoring algorithms and integration into the guide {RNA} selection tool {CRISPOR}},
  volume={17},
  ISSN={1474-760X},
  url={http://dx.doi.org/10.1186/s13059-016-1012-2},
  DOI={10.1186/s13059-016-1012-2},
  number={1},
  journal={Genome Biology},
  publisher={Springer Science and Business Media LLC},
  author={Haeussler, Maximilian and Schonig, Kai and Eckert, Helene and Eschstruth, Alexis and Mianne, Joffrey and Renaud, Jean-Baptiste and Schneider-Maunoury, Sylvie and Shkumatava, Alena and Teboul, Lydia and Kent, Jim and et al.},
  year={2016},
  month={Jul}
}

@article{Wilson_2019,
  title={VARSCOT: variant-aware detection and scoring enables sensitive and personalized off-target detection for CRISPR-Cas9},
  volume={19},
  ISSN={1472-6750},
  url={http://dx.doi.org/10.1186/s12896-019-0535-5},
  DOI={10.1186/s12896-019-0535-5},
  number={1},
  journal={BMC Biotechnology},
  publisher={Springer Science and Business Media LLC},
  author={Wilson, Laurence O. W. and Hetzel, Sara and Pockrandt, Christopher and Reinert, Knut and Bauer, Denis C.},
  year={2019},
  month={Jun}
}

@article{Zetsche_2015,
  title={Cpf1 Is a Single RNA-Guided Endonuclease of a Class 2 CRISPR-Cas System},
  volume={163},
  ISSN={0092-8674},
  url={http://dx.doi.org/10.1016/j.cell.2015.09.038},
  DOI={10.1016/j.cell.2015.09.038},
  number={3},
  journal={Cell},
  publisher={Elsevier BV},
  author={Zetsche, Bernd and Gootenberg, Jonathan S. and Abudayyeh, Omar O. and Slaymaker, Ian M. and Makarova, Kira S. and Essletzbichler, Patrick and Volz, Sara E. and Joung, Julia and van der Oost, John and Regev, Aviv and et al.},
  year={2015},
  month={Oct},
  pages={759-771}
}

@article{barbieri2017precise,
  title={Precise editing at DNA replication forks enables multiplex genome engineering in eukaryotes},
  author={Barbieri, Edward M and Muir, Paul and Akhuetie-Oni, Benjamin O and Yellman, Christopher M and Isaacs, Farren J},
  journal={Cell},
  volume={171},
  number={6},
  pages={1453--1467},
  year={2017},
  publisher={Elsevier}
}

@article{komor2016programmable,
  title={Programmable editing of a target base in genomic DNA without double-stranded DNA cleavage},
  author={Komor, Alexis C and Kim, Yongjoo B and Packer, Michael S and Zuris, John A and Liu, David R},
  journal={Nature},
  volume={533},
  number={7603},
  pages={420},
  year={2016},
  publisher={Nature Publishing Group}
}

@book{simon1996sciencesoftheartificial,
   title =     {The Sciences of the Artificial},
   author =    {Herbert A. Simon},
   publisher = {The MIT Press},
   isbn =      {0262691914,9780262691918},
   year =      {1996},
   edition =   {third},
}

@article{wang2009programming,
  title={Programming cells by multiplex genome engineering and accelerated evolution},
  author={Wang, Harris H and Isaacs, Farren J and Carr, Peter A and Sun, Zachary Z and Xu, George and Forest, Craig R and Church, George M},
  journal={Nature},
  volume={460},
  number={7257},
  pages={894},
  year={2009},
  publisher={Nature Publishing Group}
}

@article{fedoroff2012transposable,
  title={Transposable elements, epigenetics, and genome evolution},
  author={Fedoroff, Nina V},
  journal={Science},
  volume={338},
  number={6108},
  pages={758--767},
  year={2012},
  publisher={American Association for the Advancement of Science}
}

@article{christensen2005r2,
  title={{R2} target-primed reverse transcription: ordered cleavage and polymerization steps by protein subunits asymmetrically bound to the target {DNA}},
  author={Christensen, Shawn M and Eickbush, Thomas H},
  journal={Molecular and Cellular Biology},
  volume={25},
  number={15},
  pages={6617--6628},
  year={2005},
  publisher={Am Soc Microbiol}
}

@article{govindaraju2016endonuclease,
  title={Endonuclease domain of non-{LTR} retrotransposons: loss-of-function mutants and modeling of the {R2Bm} endonuclease},
  author={Govindaraju, Aruna and Cortez, Jeremy D and Reveal, Brad and Christensen, Shawn M},
  journal={Nucleic Acids Research},
  volume={44},
  number={7},
  pages={3276--3287},
  year={2016},
  publisher={Oxford University Press}
}

@article{feng1998retrotransposon,
  title={Retrotransposon R1Bm endonuclease cleaves the target sequence},
  author={Feng, Qinghua and Schumann, Gerald and Boeke, Jef D},
  journal={Proceedings of the National Academy of Sciences},
  volume={95},
  number={5},
  pages={2083--2088},
  year={1998},
  publisher={National Acad Sciences}
}

@article{luan1995rna,
  title={{RNA} template requirements for target {DNA}-primed reverse transcription by the {R2} retrotransposable element.},
  author={Luan, Dongmei D and Eickbush, Thomas H},
  journal={Molecular and Cellular Biology},
  volume={15},
  number={7},
  pages={3882--3891},
  year={1995},
  publisher={Am Soc Microbiol}
}

@article{bibillo2002reverse,
  title={The reverse transcriptase of the {R2 non-LTR} retrotransposon: continuous synthesis of {cDNA} on non-continuous {RNA} templates},
  author={Bibi{\l}{\l}o, Arkadiusz and Eickbush, Thomas H},
  journal={Journal of Molecular Biology},
  volume={316},
  number={3},
  pages={459--473},
  year={2002},
  publisher={Elsevier}
}

@article{bibillo2004end,
  title={End-to-end template jumping by the reverse transcriptase encoded by the R2 retrotransposon},
  author={Bibillo, Arkadiusz and Eickbush, Thomas H},
  journal={Journal of Biological Chemistry},
  year={2004},
  publisher={ASBMB}
}

@article{cost2002human,
  title={Human {L1} element target-primed reverse transcription in vitro},
  author={Cost, Gregory J and Feng, Qinghua and Jacquier, Alain and Boeke, Jef D},
  journal={The EMBO Journal},
  volume={21},
  number={21},
  pages={5899--5910},
  year={2002},
  publisher={EMBO Press}
}

@article{pardue2011retrotransposons,
  title={Retrotransposons that maintain chromosome ends},
  author={Pardue, Mary-Lou and DeBaryshe, PG},
  journal={Proceedings of the National Academy of Sciences},
  volume={108},
  number={51},
  pages={20317--20324},
  year={2011},
  publisher={National Acad Sciences}
}

@article{esvelt2011system,
  title={A system for the continuous directed evolution of biomolecules},
  author={Esvelt, Kevin M and Carlson, Jacob C and Liu, David R},
  journal={Nature},
  volume={472},
  number={7344},
  pages={499},
  year={2011},
  publisher={Nature Publishing Group}
}

@article{mckenna2016whole,
  title={Whole-organism lineage tracing by combinatorial and cumulative genome editing},
  author={McKenna, Aaron and Findlay, Gregory M and Gagnon, James A and Horwitz, Marshall S and Schier, Alexander F and Shendure, Jay},
  journal={Science},
  volume={353},
  number={6298},
  pages={aaf7907},
  year={2016},
  publisher={American Association for the Advancement of Science}
}

@article{schmidt2017quantitative,
  title={Quantitative analysis of synthetic cell lineage tracing using nuclease barcoding},
  author={Schmidt, Stephanie Tzouanas and Zimmerman, Stephanie M and Wang, Jianbin and Kim, Stuart K and Quake, Stephen R},
  journal={ACS Synthetic Biology},
  volume={6},
  number={6},
  pages={936--942},
  year={2017},
  publisher={ACS Publications}
}

@article{carlson2014negative,
  title={Negative selection and stringency modulation in phage-assisted continuous evolution},
  author={Carlson, Jacob C and Badran, Ahmed H and Guggiana-Nilo, Drago A and Liu, David R},
  journal={Nature Chemical Biology},
  volume={10},
  number={3},
  pages={216},
  year={2014},
  publisher={Nature Publishing Group}
}

@article{babushok2006l1,
  title={L1 integration in a transgenic mouse model},
  author={Babushok, Daria V and Ostertag, Eric M and Courtney, Christine E and Choi, Janice M and Kazazian, Haig H},
  journal={Genome Research},
  volume={16},
  number={2},
  pages={240--250},
  year={2006},
  publisher={Cold Spring Harbor Lab}
}

@article{piskareva2006dna,
  title={{DNA} polymerization by the reverse transcriptase of the human {L1} retrotransposon on its own template in vitro},
  author={Piskareva, Olga and Schmatchenko, Vadim},
  journal={FEBS Letters},
  volume={580},
  number={2},
  pages={661--668},
  year={2006},
  publisher={Wiley Online Library}
}

@article{wu2014genome,
  title={Genome-wide binding of the CRISPR endonuclease Cas9 in mammalian cells},
  author={Wu, Xuebing and Scott, David A and Kriz, Andrea J and Chiu, Anthony C and Hsu, Patrick D and Dadon, Daniel B and Cheng, Albert W and Trevino, Alexandro E and Konermann, Silvana and Chen, Sidi and others},
  journal={Nature Biotechnology},
  volume={32},
  number={7},
  pages={670},
  year={2014},
  publisher={Nature Publishing Group}
}

@article{mali2013cas9,
  title={{Cas9} transcriptional activators for target specificity screening and paired nickases for cooperative genome engineering},
  author={Mali, Prashant and Aach, John and Stranges, P Benjamin and Esvelt, Kevin M and Moosburner, Mark and Kosuri, Sriram and Yang, Luhan and Church, George M},
  journal={Nature Biotechnology},
  volume={31},
  number={9},
  pages={833},
  year={2013},
  publisher={Nature Publishing Group}
}

@article{anders2014structural,
  title={Structural basis of {PAM}-dependent target {DNA} recognition by the {Cas9} endonuclease},
  author={Anders, Carolin and Niewoehner, Ole and Duerst, Alessia and Jinek, Martin},
  journal={Nature},
  volume={513},
  number={7519},
  pages={569},
  year={2014},
  publisher={Nature Publishing Group}
}

@article{turing1937computable,
  title={On computable numbers, with an application to the {E}ntscheidungsproblem},
  author={Turing, Alan M},
  journal={Proceedings of the London Mathematical Society},
  volume={2},
  number={1},
  pages={230--265},
  year={1937},
  publisher={Wiley Online Library}
}

@article{thompson2011independently,
  title={Independently derived targeting of {28S rDNA by A-and D-clade R2} retrotransposons: {P}lasticity of integration mechanism},
  author={Thompson, Blaine K and Christensen, Shawn M},
  journal={Mobile Genetic Elements},
  volume={1},
  number={1},
  pages={29--37},
  year={2011},
  publisher={Taylor \& Francis}
}

@article{li2011statistical,
  title={A statistical framework for {SNP} calling, mutation discovery, association mapping and population genetical parameter estimation from sequencing data},
  author={Li, Heng},
  journal={Bioinformatics},
  volume={27},
  number={21},
  pages={2987--2993},
  year={2011},
  publisher={Oxford University Press}
}
    
@article{depristo2011framework,
  title={A framework for variation discovery and genotyping using next-generation {DNA} sequencing data},
  author={DePristo, Mark A and Banks, Eric and Poplin, Ryan and Garimella, Kiran V and Maguire, Jared R and Hartl, Christopher and Philippakis, Anthony A and Del Angel, Guillermo and Rivas, Manuel A and Hanna, Matt and others},
  journal={Nature Genetics},
  volume={43},
  number={5},
  pages={491--498},
  year={2011},
  publisher={Nature Publishing Group}
}

@article{robinson2011integrative,
  title={Integrative genomics viewer},
  author={Robinson, James T and Thorvaldsd{\'o}ttir, Helga and Winckler, Wendy and Guttman, Mitchell and Lander, Eric S and Getz, Gad and Mesirov, Jill P},
  journal={Nature Biotechnology},
  volume={29},
  number={1},
  pages={24},
  year={2011},
  publisher={Nature Publishing Group}
}

@article{lee2002POA,
  title={Multiple sequence alignment using partial order graphs},
  author={Lee, Christopher and Grasso, Catherine and Sharlow, Mark F},
  journal={Bioinformatics},
  volume={18},
  number={3},
  pages={452--464},
  year={2002},
  publisher={Oxford University Press}
}

@article{eggertsson2017graphtyper,
  title={Graphtyper enables population-scale genotyping using pangenome graphs},
  author={Eggertsson, Hannes P and Jonsson, Hakon and Kristmundsdottir, Snaedis and Hjartarson, Eirikur and Kehr, Birte and Masson, Gisli and Zink, Florian and Hjorleifsson, Kristjan E and Jonasdottir, Aslaug and Jonasdottir, Adalbjorg and others},
  journal={Nature Genetics},
  volume={49},
  number={11},
  pages={1654--1660},
  year={2017},
  publisher={Nature Publishing Group}
}

@article{siren2020haplotype,
  title={Haplotype-aware graph indexes},
  author={Sir{\'e}n, Jouni and Garrison, Erik and Novak, Adam M and Paten, Benedict and Durbin, Richard},
  journal={Bioinformatics},
  volume={36},
  number={2},
  pages={400--407},
  year={2020},
  publisher={Oxford University Press}
}

@article{paten2018superbubbles,
  title={Superbubbles, ultrabubbles, and cacti},
  author={Paten, Benedict and Eizenga, Jordan M and Rosen, Yohei M and Novak, Adam M and Garrison, Erik and Hickey, Glenn},
  journal={Journal of Computational Biology},
  volume={25},
  number={7},
  pages={649--663},
  year={2018},
  publisher={Mary Ann Liebert, Inc. 140 Huguenot Street, 3rd Floor New Rochelle, NY 10801 USA}
}

@article{marccais2018asymptotically,
  title={Asymptotically optimal minimizers schemes},
  author={Mar{\c{c}}ais, Guillaume and DeBlasio, Dan and Kingsford, Carleton},
  journal={bioRxiv:256156},
  year={2018},
  publisher={Cold Spring Harbor Laboratory}
}

@article{li2018minimap2,
  title={Minimap2: pairwise alignment for nucleotide sequences},
  author={Li, Heng},
  journal={Bioinformatics},
  volume={34},
  number={18},
  pages={3094--3100},
  year={2018},
  publisher={Oxford University Press}
}

@article{chakraborty2018hidden,
  title={Hidden genetic variation shapes the structure of functional elements in Drosophila},
  author={Chakraborty, Mahul and VanKuren, Nicholas W and Zhao, Roy and Zhang, Xinwen and Kalsow, Shannon and Emerson, JJ},
  journal={Nature Genetics},
  volume={50},
  number={1},
  pages={20--25},
  year={2018},
  publisher={Nature Publishing Group}
}

@inproceedings{gbmp2014sea,
  title     = {From Theory to Practice: Plug and Play with Succinct Data Structures},
  author    = {Gog, Simon and Beller, Timo and Moffat, Alistair and Petri, Matthias},
  booktitle = {{13th International Symposium on Experimental Algorithms, (SEA 2014)}},
  year      = {2014},
  pages     = {326-337},
  ee        = {http://dx.doi.org/10.1007/978-3-319-07959-2_28}
}

@article{goldberg2014word2vec,
  title={word2vec Explained: deriving Mikolov et al.'s negative-sampling word-embedding method},
  author={Goldberg, Yoav and Levy, Omer},
  journal={arXiv preprint arXiv:1402.3722},
  year={2014}
}
    
@article{kimothi2016distributed,
  title={Distributed representations for biological sequence analysis},
  author={Kimothi, Dhananjay and Soni, Akshay and Biyani, Pravesh and Hogan, James M},
  journal={arXiv preprint arXiv:1608.05949},
  year={2016}
}

@article{li2015hierarchical,
  title={A hierarchical neural autoencoder for paragraphs and documents},
  author={Li, Jiwei and Luong, Minh-Thang and Jurafsky, Dan},
  journal={arXiv preprint arXiv:1506.01057},
  year={2015}
}

@article{lecun2015deep,
  title={Deep learning},
  author={LeCun, Yann and Bengio, Yoshua and Hinton, Geoffrey},
  journal={Nature},
  volume={521},
  number={7553},
  pages={436},
  year={2015},
  publisher={Nature Publishing Group}
}


@article{10002010map,
  title={A map of human genome variation from population-scale sequencing},
  author={1000 Genomes Project Consortium and others},
  journal={Nature},
  volume={467},
  number={7319},
  pages={1061},
  year={2010},
  publisher={Nature Publishing Group}
}

@article{gravel2011demographic,
  title={Demographic history and rare allele sharing among human populations},
  author={Gravel, Simon and Henn, Brenna M and Gutenkunst, Ryan N and Indap, Amit R and Marth, Gabor T and Clark, Andrew G and Yu, Fuli and Gibbs, Richard A and Bustamante, Carlos D and Altshuler, David L and others},
  journal={Proceedings of the National Academy of Sciences},
  volume={108},
  number={29},
  pages={11983--11988},
  year={2011},
  publisher={National Acad Sciences}
}

@article{barnett2011bamtools,
  title={BamTools: a {{C++}} {{API}} and toolkit for analyzing and managing {{BAM}} files},
  author={Barnett, Derek W and Garrison, Erik P and Quinlan, Aaron R and Str{\"o}mberg, Michael P and Marth, Gabor T},
  journal={Bioinformatics},
  volume={27},
  number={12},
  pages={1691--1692},
  year={2011},
  publisher={Oxford University Press}
}

@article{10002012integrated,
  title={An integrated map of genetic variation from 1,092 human genomes},
  author={1000 Genomes Project Consortium and others},
  journal={Nature},
  volume={491},
  number={7422},
  pages={56},
  year={2012},
  publisher={Nature Publishing Group}
}

@article{lee2014mosaik,
  title={{MOSAIK}: a hash-based algorithm for accurate next-generation sequencing short-read mapping},
  author={Lee, Wan-Ping and Stromberg, Michael P and Ward, Alistair and Stewart, Chip and Garrison, Erik P and Marth, Gabor T},
  journal={PloS One},
  volume={9},
  number={3},
  pages={e90581},
  year={2014},
  publisher={Public Library of Science}
}

@article{khurana2013integrative,
  title={Integrative annotation of variants from 1092 humans: application to cancer genomics},
  author={Khurana, Ekta and Fu, Yao and Colonna, Vincenza and Mu, Xinmeng Jasmine and Kang, Hyun Min and Lappalainen, Tuuli and Sboner, Andrea and Lochovsky, Lucas and Chen, Jieming and Harmanci, Arif and others},
  journal={Science},
  volume={342},
  number={6154},
  pages={1235587},
  year={2013},
  publisher={American Association for the Advancement of Science}
}

@article{zhao2013ssw,
  title={{SSW} library: an {SIMD} {Smith-Waterman C/C++} library for use in genomic applications},
  author={Zhao, Mengyao and Lee, Wan-Ping and Garrison, Erik P and Marth, Gabor T},
  journal={PloS One},
  volume={8},
  number={12},
  pages={e82138},
  year={2013},
  publisher={Public Library of Science}
}

@article{colonna2014human,
  title={Human genomic regions with exceptionally high or low levels of population differentiation identified from 911 whole-genome sequences},
  author={Colonna, Vincenza and Ayub, Qasim and Chen, Yuan and Pagani, Luca and Luisi, Pierre and Pybus, Marc and Garrison, Erik and Xue, Yali and Tyler-Smith, Chris},
  journal={bioRxiv:005462},
  year={2014},
  publisher={Cold Spring Harbor Laboratory}
}

@article{chiang2015speedseq,
  title={{SpeedSeq}: ultra-fast personal genome analysis and interpretation},
  author={Chiang, Colby and Layer, Ryan M and Faust, Gregory G and Lindberg, Michael R and Rose, David B and Garrison, Erik P and Marth, Gabor T and Quinlan, Aaron R and Hall, Ira M},
  journal={Nature Methods},
  volume={12},
  number={10},
  pages={966},
  year={2015},
  publisher={Nature Publishing Group}
}

@article{challis2015distribution,
  title={The distribution and mutagenesis of short coding INDELs from 1,128 whole exomes},
  author={Challis, Danny and Antunes, Lilian and Garrison, Erik and Banks, Eric and Evani, Uday S and Muzny, Donna and Poplin, Ryan and Gibbs, Richard A and Marth, Gabor and Yu, Fuli},
  journal={BMC Genomics},
  volume={16},
  number={1},
  pages={143},
  year={2015},
  publisher={BioMed Central}
}

@article{cocca2015purging,
  title={Purging of deleterious variants in {Italian} founder populations with extended autozygosity},
  author={Cocca, Massimiliano and Pybus, Marc and Palamara, Pier Francesco and Garrison, Erik and Traglia, Michela and Sala, Cinzia F and Ulivi, Sheila and Memari, Yasin and Kolb-Kokocinski, Anja and Durbin, Richard and others},
  journal={bioRxiv:022947},
  year={2015},
  publisher={Cold Spring Harbor Laboratory}
}

@article{sudmant2015integrated,
  title={An integrated map of structural variation in 2,504 human genomes},
  author={Sudmant, Peter H and Rausch, Tobias and Gardner, Eugene J and Handsaker, Robert E and Abyzov, Alexej and Huddleston, John and Zhang, Yan and Ye, Kai and Jun, Goo and Fritz, Markus Hsi-Yang and others},
  journal={Nature},
  volume={526},
  number={7571},
  pages={75},
  year={2015},
  publisher={Nature Publishing Group}
}

@article{poznik2016punctuated,
  title={Punctuated bursts in human male demography inferred from 1,244 worldwide {Y}-chromosome sequences},
  author={Poznik, G David and Xue, Yali and Mendez, Fernando L and Willems, Thomas F and Massaia, Andrea and Sayres, Melissa A Wilson and Ayub, Qasim and McCarthy, Shane A and Narechania, Apurva and Kashin, Seva and others},
  journal={Nature genetics},
  volume={48},
  number={6},
  pages={593},
  year={2016},
  publisher={Nature Publishing Group}
}

@inproceedings{novak2016graph,
  title={A graph extension of the positional Burrows-Wheeler transform and its applications},
  author={Novak, Adam M and Garrison, Erik and Paten, Benedict},
  booktitle={International Workshop on Algorithms in Bioinformatics},
  pages={246--256},
  year={2016},
  organization={Springer, Cham}
}

@article{novak2017genome,
  title={Genome graphs},
  author={Novak, Adam M and Hickey, Glenn and Garrison, Erik and Blum, Sean and Connelly, Abram and Dilthey, Alexander and Eizenga, Jordan and Elmohamed, MA Saleh and Guthrie, Sally and Kahles, Andr{\'e} and others},
  journal={bioRxiv:101378},
  year={2017},
  publisher={Cold Spring Harbor Laboratory}
}

@article{paten2017genome,
  title={Genome graphs and the evolution of genome inference},
  author={Paten, Benedict and Novak, Adam M and Eizenga, Jordan M and Garrison, Erik},
  journal={Genome research},
  volume={27},
  number={5},
  pages={665--676},
  year={2017},
  publisher={Cold Spring Harbor Lab}
}

@inproceedings{dawson2017germline,
  title={Germline structural variant detection with variation graphs},
  author={Dawson, Eric T and Garrison, Erik and Novak, Adam and Paten, Benedict and Eizinga, Jordan and Hickey, Glenn and Chanock, Stephen and Durbin, Richard},
  year={2017},
  publisher={American Association for Cancer Research}
}

@article{novak2017graph,
  title={A graph extension of the positional Burrows--Wheeler transform and its applications},
  author={Novak, Adam M and Garrison, Erik and Paten, Benedict},
  journal={Algorithms for Molecular Biology},
  volume={12},
  number={1},
  pages={18},
  year={2017},
  publisher={BioMed Central}
}

@article{waszak2017germline,
  title={Germline determinants of the somatic mutation landscape in 2,642 cancer genomes},
  author={Waszak, Sebastian M and Tiao, Grace and Zhu, Bin and Rausch, Tobias and Muyas, Francesc and Rodriguez-Martin, Bernardo and Rabionet, Raquel and Yakneen, Sergei and Escaramis, Georgia and Li, Yilong and others},
  journal={bioRxiv:208330},
  year={2017},
  publisher={Cold Spring Harbor Laboratory}
}

@article{delaneau2014integrating,
  title={Integrating sequence and array data to create an improved 1000 Genomes Project haplotype reference panel},
  author={Delaneau, Olivier and Marchini, Jonathan and McVean, Gil A and Donnelly, Peter and Lunter, Gerton and Marchini, Jonathan L and Myers, Simon and Gupta-Hinch, Anjali and Iqbal, Zamin and Mathieson, Iain and others},
  journal={Nature Communications},
  volume={5},
  pages={3934},
  year={2014},
  publisher={Nature Publishing Group}
}

@article{garg2018graph,
  title={A graph-based approach to diploid genome assembly},
  author={Garg, Shilpa and Rautiainen, Mikko and Novak, Adam M and Garrison, Erik and Durbin, Richard and Marschall, Tobias},
  journal={Bioinformatics},
  volume={34},
  number={13},
  pages={i105--i114},
  year={2018},
  publisher={Oxford University Press}
}

@article{dawson2019viral,
  title={Viral coinfection analysis using a MinHash toolkit},
  author={Dawson, Eric T and Wagner, Sarah and Roberson, David and Yeager, Meredith and Boland, Joseph and Garrison, Erik and Chanock, Stephen and Schiffman, Mark and Raine-Bennett, Tina and Lorey, Thomas and others},
  journal={BMC bioinformatics},
  volume={20},
  number={1},
  pages={389},
  year={2019},
  publisher={Springer}
}

@article{garrison2012vcflib,
  title={{vcflib: A C++} library for parsing and manipulating {VCF} files},
  author={Garrison, Erik},
  journal={GitHub https://github.com/ekg/vcflib},
  year={2012}
}

@article{10002015global,
  title={A global reference for human genetic variation},
  author={1000 Genomes Project Consortium and others},
  journal={Nature},
  volume={526},
  number={7571},
  pages={68},
  year={2015},
  publisher={Nature Publishing Group}
}

@article{colonna2019genomic,
  title={Genomic diversity and novel genome-wide association with fruit morphology in Capsicum, from 746k polymorphic sites},
  author={Colonna, Vincenza and D‚ÄôAgostino, Nunzio and Garrison, Erik and Albrechtsen, Anders and Meisner, Jonas and Facchiano, Angelo and Cardi, Teodoro and Tripodi, Pasquale},
  journal={Scientific Reports},
  volume={9},
  number={1},
  pages={1--14},
  year={2019},
  publisher={Nature Publishing Group}
}

@article{li2013aligning,
  title={Aligning sequence reads, clone sequences and assembly contigs with {BWA-MEM}},
  author={Li, Heng},
  journal={arXiv:1303.3997},
  year={2013}
}

@article{stevenson2013sources,
  title={Sources of bias in measures of allele-specific expression derived from {RNA}-seq data aligned to a single reference genome},
  author={Stevenson, Kraig R and Coolon, Joseph D and Wittkopp, Patricia J},
  journal={BMC Genomics},
  volume={14},
  number={1},
  pages={536},
  year={2013},
  publisher={BioMed Central}
}

@article{zhou2017antcaller,
  title={AntCaller: an accurate variant caller incorporating ancient {DNA} damage},
  author={Zhou, Boyan and Wen, Shaoqing and Wang, Lingxiang and Jin, Li and Li, Hui and Zhang, Hong},
  journal={Molecular Genetics and Genomics},
  volume={292},
  number={6},
  pages={1419--1430},
  year={2017},
  publisher={Springer}
}

@article{wang2013integrative,
  title={An integrative variant analysis pipeline for accurate genotype/haplotype inference in population {NGS} data},
  author={Wang, Yi and Lu, James and Yu, Jin and Gibbs, Richard A and Yu, Fuli},
  journal={Genome Research},
  volume="23",
  number="5",
  pages="833--842",
  month="May",
  year={2013},
  publisher={Cold Spring Harbor Lab}
}

@article{link2017atlas,
  title={ATLAS: analysis tools for low-depth and ancient samples},
  author={Link, Vivian and Kousathanas, Athanasios and Veeramah, Krishna and Sell, Christian and Scheu, Amelie and Wegmann, Daniel},
  journal={bioRxiv:105346},
  year={2017},
  publisher={Cold Spring Harbor Laboratory}
}

@article{veeramah2015examining,
  title={Examining phylogenetic relationships among gibbon genera using whole genome sequence data using an approximate {B}ayesian computation approach},
  author={Veeramah, Krishna R and Woerner, August E and Johnstone, Laurel and Gut, Ivo and Gut, Marta and Marques-Bonet, Tomas and Carbone, Lucia and Wall, Jeff D and Hammer, Michael F},
  journal={Genetics},
   Volume="200",
   Number="1",
   Pages="295--308",
   Month="May",
  year={2015},
  publisher={Genetics Soc America}
}

@article{potter2016phylogenomics,
  title={Phylogenomics at the tips: inferring lineages and their demographic history in a tropical lizard, {C}arlia amax},
  author={Potter, Sally and Bragg, Jason G and Peter, Benjamin M and Bi, Ke and Moritz, Craig},
  journal={Molecular Ecology},
  volume={25},
  number={6},
  pages={1367--1380},
  year={2016},
  publisher={Wiley Online Library}
}

@article{sudmant2010diversity,
  title={Diversity of human copy number variation and multicopy genes},
  author={Sudmant, Peter H and Kitzman, Jacob O and Antonacci, Francesca and Alkan, Can and Malig, Maika and Tsalenko, Anya and Sampas, Nick and Bruhn, Laurakay and Shendure, Jay and Eichler, Evan E and others},
  journal={Science},
  volume={330},
  number={6004},
  pages={641--646},
  year={2010},
  publisher={American Association for the Advancement of Science}
}

@article{minkin2019scalable,
  title={Scalable multiple whole-genome alignment and locally collinear block construction with SibeliaZ},
  author={Minkin, Ilia and Medvedev, Paul},
  journal={bioRxiv:548123},
  year={2019},
  publisher={Cold Spring Harbor Laboratory}
}

@article{dong2019gaussian,
  title={Gaussian Differential Privacy},
  author={Dong, Jinshuo and Roth, Aaron and Su, Weijie J},
  journal={arXiv preprint arXiv:1905.02383},
  year={2019}
}

@inproceedings{abadi2016deep,
  title={Deep learning with differential privacy},
  author={Abadi, Martin and Chu, Andy and Goodfellow, Ian and McMahan, H Brendan and Mironov, Ilya and Talwar, Kunal and Zhang, Li},
  booktitle={Proceedings of the 2016 ACM SIGSAC Conference on Computer and Communications Security},
  pages={308--318},
  year={2016},
  organization={ACM}
}

@article{halko2011finding,
  title={Finding structure with randomness: Probabilistic algorithms for constructing approximate matrix decompositions},
  author={Halko, Nathan and Martinsson, Per-Gunnar and Tropp, Joel A},
  journal={{SIAM review}},
  volume={53},
  number={2},
  pages={217--288},
  year={2011},
  publisher={SIAM}
}

@article{martinsson2019randutv,
  title={rand{UTV}: A blocked randomized algorithm for computing a rank-revealing {UTV} factorization},
  author={Martinsson, Per-Gunnar and Quintana-Orti, Gregorio and Heavner, Nathan},
  journal={ACM Transactions on Mathematical Software (TOMS)},
  volume={45},
  number={1},
  pages={4},
  year={2019},
  publisher={ACM}
}

@article{gunther2018biorxiv,
	author = {G{\"u}nther, Torsten and Nettelblad, Carl},
	title = {The presence and impact of reference bias on population genomic studies of prehistoric human populations},
	elocation-id = {487983},
	year = {2018},
	doi = {10.1101/487983},
	publisher = {Cold Spring Harbor Laboratory},
	journal = {bioRxiv}
}

@article{marth1999general,
  title={A general approach to single-nucleotide polymorphism discovery},
  author={Marth, Gabor T and Korf, Ian and Yandell, Mark D and Yeh, Raymond T and Gu, Zhijie and Zakeri, Hamideh and Stitziel, Nathan O and Hillier, LaDeana and Kwok, Pui-Yan and Gish, Warren R},
  journal={Nature Genetics},
  volume={23},
  number={4},
  pages={452},
  year={1999},
  publisher={Nature Publishing Group}
}

@article{lek2016analysis,
  title={Analysis of protein-coding genetic variation in 60,706 humans},
  author={Lek, Monkol and Karczewski, Konrad J and Minikel, Eric V and Samocha, Kaitlin E and Banks, Eric and Fennell, Timothy and O‚ÄôDonnell-Luria, Anne H and Ware, James S and Hill, Andrew J and Cummings, Beryl B and others},
  journal={Nature},
  volume={536},
  number={7616},
  pages={285},
  year={2016},
  publisher={Nature Publishing Group}
}

@article{maretty2017sequencing,
  title={Sequencing and de novo assembly of 150 genomes from {Denmark} as a population reference},
  author={Maretty, Lasse and Jensen, Jacob Malte and Petersen, Bent and Sibbesen, Jonas Andreas and Liu, Siyang and Villesen, Palle and Skov, Laurits and Belling, Kirstine and Have, Christian Theil and Izarzugaza, Jose MG and others},
  journal={Nature},
  volume={548},
  number={7665},
  pages={87},
  year={2017},
  publisher={Nature Publishing Group}
}

@article{shimizu2016efficient,
  title={Efficient privacy-preserving string search and an application in genomics},
  author={Shimizu, Kana and Nuida, Koji and R{\"a}tsch, Gunnar},
  journal={Bioinformatics},
  volume={32},
  number={11},
  pages={1652--1661},
  year={2016},
  publisher={Oxford University Press}
}

@article{gymrek2013identifying,
  title={Identifying personal genomes by surname inference},
  author={Gymrek, Melissa and McGuire, Amy L and Golan, David and Halperin, Eran and Erlich, Yaniv},
  journal={Science},
  volume={339},
  number={6117},
  pages={321--324},
  year={2013},
  publisher={American Association for the Advancement of Science}
}

@InProceedings{bbhash,
  author ={Antoine Limasset and Guillaume Rizk and Rayan Chikhi and Pierre Peterlongo},
  title ={{Fast and Scalable Minimal Perfect Hashing for Massive Key Sets}},
  booktitle ={16th International Symposium on Experimental Algorithms (SEA 2017)},
  pages ={25:1--25:16},
  series ={Leibniz International Proceedings in Informatics (LIPIcs)},
  year ={2017},
  volume ={75},
  ISSN ={1868-8969},
  publisher ={Schloss Dagstuhl--Leibniz-Zentrum fuer Informatik},
  address ={Dagstuhl, Germany},
  URL ={http://drops.dagstuhl.de/opus/volltexte/2017/7619},
  doi ={10.4230/LIPIcs.SEA.2017.25}
}

@article{marchet2018resource,
  title={A resource-frugal probabilistic dictionary and applications in bioinformatics},
  author={Marchet, Camille and Lecompte, Lolita and Limasset, Antoine and Bittner, Lucie and Peterlongo, Pierre},
  journal={Discrete Applied Mathematics},
  year={2018},
  publisher={Elsevier}
}

@article{kehr2014genome,
  title={Genome alignment with graph data structures: a comparison},
  author={Kehr, Birte and Trappe, Kathrin and Holtgrewe, Manuel and Reinert, Knut},
  journal={BMC bioinformatics},
  volume={15},
  number={1},
  pages={99},
  year={2014},
  publisher={BioMed Central}
}

@article{marijon2019graph,
  title={Graph analysis of fragmented long-read bacterial genome assemblies},
  author={Marijon, Pierre and Chikhi, Rayan and Varr{\'e}, Jean-St{\'e}phane},
  journal={Bioinformatics},
  year={2019}
}

@article{koren2017canu,
  title={Canu: scalable and accurate long-read assembly via adaptive k-mer weighting and repeat separation},
  author={Koren, Sergey and Walenz, Brian P and Berlin, Konstantin and Miller, Jason R and Bergman, Nicholas H and Phillippy, Adam M},
  journal={Genome research},
  volume={27},
  number={5},
  pages={722--736},
  year={2017},
  publisher={Cold Spring Harbor Lab}
}

@article{Martiniano_2020,
  title={Removing reference bias and improving indel calling in ancient DNA data analysis by mapping to a sequence variation graph},
  volume={21},
  ISSN={1474-760X},
  url={http://dx.doi.org/10.1186/s13059-020-02160-7},
  DOI={10.1186/s13059-020-02160-7},
  number={1},
  journal={Genome Biology},
  publisher={Springer Science and Business Media LLC},
  author={Martiniano, Rui and Garrison, Erik and Jones, Eppie R. and Manica, Andrea and Durbin, Richard},
  year={2020},
  month={Sep}
}

@article{hickey2020genotyping,
  title={Genotyping structural variants in pangenome graphs using the vg toolkit},
  volume={21},
  ISSN={1474-760X},
  url={http://dx.doi.org/10.1186/s13059-020-1941-7},
  DOI={10.1186/s13059-020-1941-7},
  number={1},
  journal={Genome Biology},
  publisher={Springer Science and Business Media LLC},
  author={Hickey, Glenn and Heller, David and Monlong, Jean and Sibbesen, Jonas A. and Sir{\'e}n, Jouni and Eizenga, Jordan and Dawson, Eric T. and Garrison, Erik and Novak, Adam M. and Paten, Benedict},
  year={2020},
  month={Feb}
}

@article{Tognon_2021,
  title={GRAFIMO: Variant and haplotype aware motif scanning on pangenome graphs},
  volume={17},
  ISSN={1553-7358},
  url={http://dx.doi.org/10.1371/journal.pcbi.1009444},
  DOI={10.1371/journal.pcbi.1009444},
  number={9},
  journal={PLOS Computational Biology},
  publisher={Public Library of Science (PLoS)},
  author={Tognon, Manuel and Bonnici, Vincenzo and Garrison, Erik and Giugno, Rosalba and Pinello, Luca},
  editor={Pertea, MihaelaEditor},
  year={2021},
  month={Sep},
  pages={e1009444}
}

@article{Nurk_2021,
  title={The complete sequence of a human genome},
  url={http://dx.doi.org/10.1101/2021.05.26.445798},
  DOI={10.1101/2021.05.26.445798},
  publisher={Cold Spring Harbor Laboratory},
  author={Nurk, Sergey and Koren, Sergey and Rhie, Arang and Rautiainen, Mikko and Bzikadze, Andrey V. and Mikheenko, Alla and Vollger, Mitchell R. and Altemose, Nicolas and Uralsky, Lev and Gershman, Ariel and et al.},
  journal={bioRxiv},
  year={2021},
  month={May}
}

@article{llamas2019strategy,
  title={A strategy for building and using a human reference pangenome},
  author={Llamas, Bastien and Narzisi, Giuseppe and Schneider, Valerie and Audano, Peter A and Biederstedt, Evan and Blauvelt, Lon and Bradbury, Peter and Chang, Xian and Chin, Chen-Shan and Fungtammasan, Arkarachai and others},
  journal={F1000Research},
  volume={8},
  number={1751},
  pages={1751},
  year={2019},
  publisher={F1000 Research Limited}
}

@article{Garrison_2018,
  title={Variation graph toolkit improves read mapping by representing genetic variation in the reference},
  volume={36},
  ISSN={1546-1696},
  url={http://dx.doi.org/10.1038/nbt.4227},
  DOI={10.1038/nbt.4227},
  number={9},
  journal={Nature Biotechnology},
  publisher={Springer Science and Business Media LLC},
  author={Garrison, Erik and Sir√©n, Jouni and Novak, Adam M and Hickey, Glenn and Eizenga, Jordan M and Dawson, Eric T and Jones, William and Garg, Shilpa and Markello, Charles and Lin, Michael F and et al.},
  year={2018},
  month={Aug},
  pages={875‚Äì879}
}

@phdthesis{Garrison_2019,
  title={Graphical pangenomics},
  author={Garrison, Erik},
  year={2019},
  school={University of Cambridge}
}

@article{shafin2020nanopore,
  title={Nanopore sequencing and the Shasta toolkit enable efficient de novo assembly of eleven human genomes},
  volume={38},
  ISSN={1546-1696},
  url={http://dx.doi.org/10.1038/s41587-020-0503-6},
  DOI={10.1038/s41587-020-0503-6},
  number={9},
  journal={Nature Biotechnology},
  publisher={Springer Science and Business Media LLC},
  author={Shafin, Kishwar and Pesout, Trevor and Lorig-Roach, Ryan and Haukness, Marina and Olsen, Hugh E. and Bosworth, Colleen and Armstrong, Joel and Tigyi, Kristof and Maurer, Nicholas and Koren, Sergey and et al.},
  year={2020},
  month={May},
  pages={1044‚Äì1053}
}

@misc{garrison2020seqwish,
howpublished={\url{https://github.com/ekg/seqwish}},
title = {seqwish variation graph inducer},
author = {Erik Garrison}
}

@misc{garrison2020odgi,
howpublished={\url{https://github.com/vgteam/odgi}},
title={{odgi: optimized dynamic (variation) graph implementation}},
author={Garrison, Erik and Heumos, Simon and Villani, Flavia and Guarracino, Andrea variation graph team members}
}

@misc{garrison2020gyeet,
howpublished={\url{https://github.com/ekg/gyeet}},
title={gyeet sequence to graph mapper},
author={Erik Garrison}
}

@misc{vcflib2014,
howpublished={\url{https://github.com/vcflib/vcflib}},
title={vcflib variation and genotype manipulation library},
author={Garrison, Erik and Kronenberg, Zev}
}

@misc{vg2020vgteam,
howpublished={\url{https://github.com/vgteam/vg}},
title={vg: Variation graph toolkit},
author={vgteam contributors}
}

@misc{tognon2020grafimo,
howpublished={\url{https://github.com/pinellolab/GRAFIMO}},
author={Tognon, Manuel and Bonnici, Vincenzo and Garrison, Erik and Giugno, Rosalba and Pinello, Luca},
title={{GRAFIMO: GRAph-based Finding of Individual Motif Occurrences}}
}

@misc{garrison2020phage,
howpublished={\url{https://github.com/ekg/phage}},
author={Erik Garrison},
title={Variation graph based analyses of chimeric phages}
}

@misc{garrison2020maffer,
howpublished={\url{https://github.com/pangenome/maffer}},
author={Erik Garrison and Simon Heumos},
title={maffer variation graph to multiple sequence alignment converter}
}

@article{eizenga2020handlegraph,
  title={Efficient dynamic variation graphs},
  ISSN={1460-2059},
  url={http://dx.doi.org/10.1093/bioinformatics/btaa640},
  DOI={10.1093/bioinformatics/btaa640},
  journal={Bioinformatics},
  publisher={Oxford University Press (OUP)},
  author={Eizenga, Jordan M and Novak, Adam M and Kobayashi, Emily and Villani, Flavia and Cisar, Cecilia and Heumos, Simon and Hickey, Glenn and Colonna, Vincenza and Paten, Benedict and Garrison, Erik},
  editor={Robinson, Peter},
  year={2020},
  month={Jul}
}

@article{eizenga2020pangenome,
  title={Pangenome Graphs},
  volume={21},
  ISSN={1545-293X},
  url={http://dx.doi.org/10.1146/annurev-genom-120219-080406},
  DOI={10.1146/annurev-genom-120219-080406},
  number={1},
  journal={Annual Review of Genomics and Human Genetics},
  publisher={Annual Reviews},
  author={Eizenga, Jordan M. and Novak, Adam M. and Sibbesen, Jonas A. and Heumos, Simon and Ghaffaari, Ali and Hickey, Glenn and Chang, Xian and Seaman, Josiah D. and Rounthwaite, Robin and Ebler, Jana and et al.},
  year={2020},
  month={Aug},
  pages={139‚Äì162}
}

@article{zheng2018graph,
  title={Graph drawing by stochastic gradient descent},
  author={Zheng, Jonathan X and Pawar, Samraat and Goodman, Dan FM},
  journal={IEEE transactions on visualization and computer graphics},
  volume={25},
  number={9},
  pages={2738--2748},
  year={2018},
  publisher={IEEE}
}

@article{edlib2017,
  title={{Edlib: a C/C++ library for fast, exact sequence alignment using edit distance}},
  volume={33},
  ISSN={1460-2059},
  url={http://dx.doi.org/10.1093/bioinformatics/btw753},
  DOI={10.1093/bioinformatics/btw753},
  number={9},
  journal={Bioinformatics},
  publisher={Oxford University Press (OUP)},
  author={wot},
  author={≈†o≈°iƒá, Martin and ≈†ikiƒá, Mile},
  editor={Hancock, JohnEditor},
  year={2017},
  month={Jan},
  pages={1394‚Äì1395}
}

@misc{Suzuki_2018,
    author       = {Hajime Suzuki},
    title        = {{dozeu}},
    year         = {2018},
    howpublished = {\url{https://github.com/ocxtal/dozeu}}
 }

@misc{gfav12020,
author={GFA specification authors},
title={The GFA Format Specification, version 1},
howpublished={\url{https://gfa-spec.github.io/GFA-spec/GFA1.html}}
}

@article{Rautiainen_2019b,
  doi = {10.1101/810812},
  url = {https://doi.org/10.1101/810812},
  year = {2019},
  month = oct,
  publisher = {Cold Spring Harbor Laboratory},
  author = {Mikko Rautiainen and Tobias Marschall},
  title = {{GraphAligner}: Rapid and Versatile Sequence-to-Graph Alignment},
  journal={bioRxiv},
  pages={810812}
}

@inproceedings{fioretto2018constrained,
  title={Constrained-based differential privacy for mobility services},
  author={Fioretto, Ferdinando and Lee, Chansoo and Van Hentenryck, Pascal},
  booktitle={Proceedings of the 17th International Conference on Autonomous Agents and MultiAgent Systems},
  pages={1405--1413},
  year={2018},
  organization={International Foundation for Autonomous Agents and Multiagent Systems}
}

@article{ghane2019tgm,
  title={TGM: A Generative Mechanism for Publishing Trajectories with Differential Privacy},
  author={Ghane, Soheila and Kulik, Lars and Ramamohanarao, Kotagiri},
  journal={IEEE Internet of Things Journal},
  year={2019},
  publisher={IEEE}
}

@article{international2003international,
  title={The international HapMap project},
  author={International HapMap Consortium and others},
  journal={Nature},
  volume={426},
  number={6968},
  pages={789},
  year={2003},
  publisher={Nature Publishing Group}
}

@article{gurdasani2019uganda,
  title={Uganda genome resource enables insights into population history and genomic discovery in Africa},
  author={Gurdasani, Deepti and Carstensen, Tommy and Fatumo, Segun and Chen, Guanjie and Franklin, Chris S and Prado-Martinez, Javier and Bouman, Heleen and Abascal, Federico and Haber, Marc and Tachmazidou, Ioanna and others},
  journal={Cell},
  volume={179},
  number={4},
  pages={984--1002},
  year={2019},
  publisher={Elsevier}
}

@article{Zhang_2021,
  title={Using de novo assembly to identify structural variation of eight complex immune system gene regions},
  volume={17},
  ISSN={1553-7358},
  url={http://dx.doi.org/10.1371/journal.pcbi.1009254},
  DOI={10.1371/journal.pcbi.1009254},
  number={8},
  journal={PLOS Computational Biology},
  publisher={Public Library of Science (PLoS)},
  author={Zhang, Jia-Yuan and Roberts, Hannah and Flores, David S. C. and Cutler, Antony J. and Brown, Andrew C. and Whalley, Justin P. and Mielczarek, Olga and Buck, David and Lockstone, Helen and Xella, Barbara and et al.},
  editor={Ratan, AakroshEditor},
  year={2021},
  month={Aug},
  pages={e1009254}
}

@article{chin2020diploid,
  title={A diploid assembly-based benchmark for variants in the major histocompatibility complex},
  volume={11},
  ISSN={2041-1723},
  url={http://dx.doi.org/10.1038/s41467-020-18564-9},
  DOI={10.1038/s41467-020-18564-9},
  number={1},
  journal={Nature Communications},
  publisher={Springer Science and Business Media LLC},
  author={Chin, Chen-Shan and Wagner, Justin and Zeng, Qiandong and Garrison, Erik and Garg, Shilpa and Fungtammasan, Arkarachai and Rautiainen, Mikko and Aganezov, Sergey and Kirsche, Melanie and Zarate, Samantha and et al.},
  year={2020},
  month={Sep}
}

@article{miga2020telomere,
  title={Telomere-to-telomere assembly of a complete human X chromosome},
  volume={585},
  ISSN={1476-4687},
  url={http://dx.doi.org/10.1038/s41586-020-2547-7},
  DOI={10.1038/s41586-020-2547-7},
  number={7823},
  journal={Nature},
  publisher={Springer Science and Business Media LLC},
  author={Miga, Karen H. and Koren, Sergey and Rhie, Arang and Vollger, Mitchell R. and Gershman, Ariel and Bzikadze, Andrey and Brooks, Shelise and Howe, Edmund and Porubsky, David and Logsdon, Glennis A. and et al.},
  year={2020},
  month={Jul},
  pages={79‚Äì84}
}

@article{porubsky2020recurrent,
  title={Recurrent inversion toggling and great ape genome evolution},
  author={Porubsky, David and Sanders, Ashley D and H{\"o}ps, Wolfram and Hsieh, PingHsun and Sulovari, Arvis and Li, Ruiyang and Mercuri, Ludovica and Sorensen, Melanie and Murali, Shwetha C and Gordon, David and others},
  journal={Nature Genetics},
  volume={52},
  number={8},
  pages={849--858},
  year={2020},
  publisher={Nature Publishing Group}
}

@article{Biederstedt2018,
  doi = {10.12688/f1000research.15895.2},
  url = {https://doi.org/10.12688/f1000research.15895.2},
  year = {2018},
  month = dec,
  publisher = {F1000 ( Faculty of 1000 Ltd)},
  volume = {7},
  pages = {1391},
  author = {Evan Biederstedt and Jeffrey C. Oliver and Nancy F. Hansen and Aarti Jajoo and Nathan Dunn and Andrew Olson and Ben Busby and Alexander T. Dilthey},
  title = {{NovoGraph}: Human genome graph construction from multiple long-read de novo assemblies},
  journal = {F1000Research}
}

@article{Pritt_2018,
  title={{FORGe}: prioritizing variants for graph genomes},
  volume={19},
  ISSN={1474-760X},
  url={http://dx.doi.org/10.1186/s13059-018-1595-x},
  DOI={10.1186/s13059-018-1595-x},
  number={1},
  journal={Genome Biology},
  publisher={Springer Nature},
  author={Pritt, Jacob and Chen, Nae-Chyun and Langmead, Ben},
  year={2018},
  month={Dec}
}

@article{Duan_2019,
  title={{HUPAN}: a pan-genome analysis pipeline for human genomes},
  volume={20},
  ISSN={1474-760X},
  url={http://dx.doi.org/10.1186/s13059-019-1751-y},
  DOI={10.1186/s13059-019-1751-y},
  number={1},
  pages={149},
  journal={Genome Biology},
  publisher={Springer Science and Business Media LLC},
  author={Duan, Zhongqu and Qiao, Yuyang and Lu, Jinyuan and Lu, Huimin and Zhang, Wenmin and Yan, Fazhe and Sun, Chen and Hu, Zhiqiang and Zhang, Zhen and Li, Guichao and et al.},
  year={2019},
  month={Jul}
}

@article{Novak_2017a,
  title={Genome Graphs},
  url={http://dx.doi.org/10.1101/101378},
  DOI={10.1101/101378},
  publisher={Cold Spring Harbor Laboratory},
  journal={bioRxiv},
  pages={101378},
  author={Novak, Adam M. and Hickey, Glenn and Garrison, Erik and Blum, Sean and Connelly, Abram and Dilthey, Alexander and Eizenga, Jordan and Elmohamed, M. A. Saleh and Guthrie, Sally and Kahles, Andr√© and et al.},
  year={2017},
  month={Jan}
}

@article{Manuweera_2019,
  title={Pangenome-Wide Association Studies with Frequented Regions},
  ISBN={9781450366663},
  url={http://dx.doi.org/10.1145/3307339.3343478},
  DOI={10.1145/3307339.3343478},
  journal={Proceedings of the 10th ACM International Conference on Bioinformatics, Computational Biology and Health Informatics  - BCB  ‚Äô19},
  publisher={ACM Press},
  author={Manuweera, Buwani and Mudge, Joann and Kahanda, Indika and Mumey, Brendan and Ramaraj, Thiruvarangan and Cleary, Alan},
  year={2019}
}

@article{cleary2018exploring,
  title={Exploring frequented regions in pan-genomic graphs},
  author={Cleary, Alan and Ramaraj, Thiruvarangan and Kahanda, Indika and Mudge, Joann and Mumey, Brendan},
  journal={IEEE/ACM Transactions on Computational Biology and Bioinformatics},
  year={2018},
  publisher={IEEE},
  volume={16},
  pages={1424--1435},
  issue={5}
}

@article{zhou2014efficient,
  title={Efficient multivariate linear mixed model algorithms for genome-wide association studies},
  author={Zhou, Xiang and Stephens, Matthew},
  journal={Nature methods},
  volume={11},
  number={4},
  pages={407--409},
  year={2014},
  publisher={Nature Publishing Group}
}

@article{cantsilieris2020evolutionary,
  title={An evolutionary driver of interspersed segmental duplications in primates},
  volume={21},
  ISSN={1474-760X},
  url={http://dx.doi.org/10.1186/s13059-020-02074-4},
  DOI={10.1186/s13059-020-02074-4},
  number={1},
  journal={Genome Biology},
  publisher={Springer Science and Business Media LLC},
  author={Cantsilieris, Stuart and Sunkin, Susan M. and Johnson, Matthew E. and Anaclerio, Fabio and Huddleston, John and Baker, Carl and Dougherty, Max L. and Underwood, Jason G. and Sulovari, Arvis and Hsieh, PingHsun and et al.},
  year={2020},
  month={Aug}
}

@article{jiang2007ancestral,
  title={Ancestral reconstruction of segmental duplications reveals punctuated cores of human genome evolution},
  volume={39},
  ISSN={1546-1718},
  url={http://dx.doi.org/10.1038/ng.2007.9},
  DOI={10.1038/ng.2007.9},
  number={11},
  journal={Nature Genetics},
  publisher={Springer Science and Business Media LLC},
  author={Jiang, Zhaoshi and Tang, Haixu and Ventura, Mario and Cardone, Maria Francesca and Marques-Bonet, Tomas and She, Xinwei and Pevzner, Pavel A and Eichler, Evan E},
  year={2007},
  month={Oct},
  pages={1361‚Äì1368}
}

@article{johnson2001positive,
  title={Positive selection of a gene family during the emergence of humans and African apes},
  volume={413},
  ISSN={1476-4687},
  url={http://dx.doi.org/10.1038/35097067},
  DOI={10.1038/35097067},
  number={6855},
  journal={Nature},
  publisher={Springer Science and Business Media LLC},
  author={Johnson, Matthew E. and Viggiano, Luigi and Bailey, Jeffrey A. and Abdul-Rauf, Munah and Goodwin, Graham and Rocchi, Mariano and Eichler, Evan E.},
  year={2001},
  month={Oct},
  pages={514‚Äì519}
}

@article{schmidt2009data,
  title={A data structure for representing multi-version texts online},
  author={Schmidt, Desmond and Colomb, Robert},
  journal={International Journal of Human-Computer Studies},
  volume={67},
  number={6},
  pages={497--514},
  year={2009},
  publisher={Elsevier}
}

@misc{garrison2020pggb,
howpublished={\url{https://github.com/pangenome/pggb}},
author={Garrison, Erik},
title={{pggb: the pangenome graph builder}}
}

@misc{garrison2020edyeet,
howpublished={\url{https://github.com/ekg/edyeet}},
author={Garrison, Erik},
title={{edyeet: base-accurate DNA sequence alignments using edlib and mashmap2}}
}

@misc{garrison2020smoothxg,
howpublished={\url{https://github.com/ekg/smoothxg}},
author={Garrison, Erik},
title={{smoothxg: local reconstruction of variation graphs using partial order alignment}}
}

@inproceedings{recht2011hogwild,
  title={Hogwild: A lock-free approach to parallelizing stochastic gradient descent},
  author={Recht, Benjamin and Re, Christopher and Wright, Stephen and Niu, Feng},
  booktitle={Advances in neural information processing systems},
  pages={693--701},
  year={2011}
}

@article{shen2013graphpatterns,
  title={Mining frequent graph patterns with differential privacy},
  ISBN={9781450321747},
  url={http://dx.doi.org/10.1145/2487575.2487601},
  DOI={10.1145/2487575.2487601},
  journal={Proceedings of the 19th ACM SIGKDD international conference on Knowledge discovery and data mining - KDD  ‚Äô13},
  publisher={ACM Press},
  author={Shen, Entong and Yu, Ting},
  year={2013}
}

@article{collins2020sv,
  title={A structural variation reference for medical and population genetics},
  volume={581},
  ISSN={1476-4687},
  url={http://dx.doi.org/10.1038/s41586-020-2287-8},
  DOI={10.1038/s41586-020-2287-8},
  number={7809},
  journal={Nature},
  publisher={Springer Science and Business Media LLC},
  author={Collins, Ryan L. and Brand, Harrison and Karczewski, Konrad J. and Zhao, Xuefang and Alf√∂ldi, Jessica and Francioli, Laurent C. and Khera, Amit V. and Lowther, Chelsea and Gauthier, Laura D. and et al.},
  year={2020},
  month={May},
  pages={444‚Äì451}
}

@article{karczewski2020gnomad,
  title={The mutational constraint spectrum quantified from variation in 141,456 humans},
  volume={581},
  ISSN={1476-4687},
  url={http://dx.doi.org/10.1038/s41586-020-2308-7},
  DOI={10.1038/s41586-020-2308-7},
  number={7809},
  journal={Nature},
  publisher={Springer Science and Business Media LLC},
  author={Karczewski, Konrad J. and Francioli, Laurent C. and Tiao, Grace and Cummings, Beryl B. and Alf√∂ldi, Jessica and Wang, Qingbo and Collins, Ryan L. and Laricchia, Kristen M. and Ganna, Andrea and et al.},
  year={2020},
  month={May},
  pages={434‚Äì443}
}

@article{dwork2014algorithmic,
  title={The algorithmic foundations of differential privacy.},
  author={Dwork, Cynthia and Roth, Aaron and others},
  journal={Foundations and Trends in Theoretical Computer Science},
  volume={9},
  number={3-4},
  pages={211--407},
  year={2014}
}

@article{LeMieux_2019,
  title={Incomplete Genomics: Adding New Sequences to the Reference Genome},
  volume={39},
  ISSN={1937-8661},
  url={http://dx.doi.org/10.1089/gen.39.02.09},
  DOI={10.1089/gen.39.02.09},
  number={2},
  journal={Genetic Engineering and Biotechnology News},
  publisher={Mary Ann Liebert Inc},
  author={LeMieux, Julianna},
  year={2019},
  month={Feb},
  pages={20‚Äì24}
}

@article{sudmant2015global,
  title={Global diversity, population stratification, and selection of human copy-number variation},
  author={Sudmant, Peter H and Mallick, Swapan and Nelson, Bradley J and Hormozdiari, Fereydoun and Krumm, Niklas and Huddleston, John and Coe, Bradley P and Baker, Carl and Nordenfelt, Susanne and Bamshad, Michael and others},
  journal={Science},
  volume={349},
  number={6253},
  year={2015},
  publisher={American Association for the Advancement of Science}
}

@misc{hprc2020,
  title = {Human Pangenome Reference Consortium: Diverse Human References Drive Genomic Discoveries for Everyone},
  howpublished = {\url{https://humanpangenome.org}},
  note = {Accessed: 2020-09-14}
}

@article{Bradnam_2013,
  title={Assemblathon 2: evaluating de novo methods of genome assembly in three vertebrate species},
  volume={2},
  ISSN={2047-217X},
  url={http://dx.doi.org/10.1186/2047-217X-2-10},
  DOI={10.1186/2047-217x-2-10},
  number={1},
  journal={GigaScience},
  publisher={Oxford University Press (OUP)},
  author={Bradnam, Keith R and Fass, Joseph N and Alexandrov, Anton and Baranay, Paul and Bechner, Michael and Birol, Inan√ß and Boisvert, S√©bastien and Chapman, Jarrod A and Chapuis, Guillaume and Chikhi, Rayan and et al.},
  year={2013},
  month={Jul}
}

@article{Poplin_2017,
  title={Scaling accurate genetic variant discovery to tens of thousands of samples},
  url={http://dx.doi.org/10.1101/201178},
  DOI={10.1101/201178},
  journal={bioRxiv},
  pages={201178},
  year={2018},
  publisher={Cold Spring Harbor Laboratory},
  author={Poplin, Ryan and Ruano-Rubio, Valentin and DePristo, Mark A. and Fennell, Tim J. and Carneiro, Mauricio O. and Van der Auwera, Geraldine A. and Kling, David E. and Gauthier, Laura D. and Levy-Moonshine, Ami and Roazen, David and et al.},
}

@article{hrc2016reference,
  title={A reference panel of 64,976 haplotypes for genotype imputation},
  author={the Haplotype Reference Consortium},
  volume={48},
  ISSN={1546-1718},
  url={http://dx.doi.org/10.1038/ng.3643},
  DOI={10.1038/ng.3643},
  number={10},
  journal={Nature Genetics},
  publisher={Springer Science and Business Media LLC},
  year={2016},
  month={Aug},
  pages={1279‚Äì1283}
}

@article{li2009soapsnp,
  title={SNP detection for massively parallel whole-genome resequencing},
  volume={19},
  ISSN={1088-9051},
  url={http://dx.doi.org/10.1101/gr.088013.108},
  DOI={10.1101/gr.088013.108},
  number={6},
  journal={Genome Research},
  publisher={Cold Spring Harbor Laboratory},
  author={Li, R. and Li, Y. and Fang, X. and Yang, H. and Wang, J. and Kristiansen, K. and Wang, J.},
  year={2009},
  month={May},
  pages={1124‚Äì1132}
}

@article{myers2005fragment,
  title={The fragment assembly string graph},
  author={Myers, Eugene W},
  journal={Bioinformatics},
  volume={21},
  number={suppl\_2},
  pages={ii79--ii85},
  year={2005},
  publisher={Oxford University Press}
}

@misc{sibbesen2020rpvg,
  author = {Sibbesen, Jonas A},
  title = {rpvg: Method for inferring path posterior probabilities and abundances from variation graph read aligments},
  howpublished = {\url{https://github.com/jonassibbesen/rpvg}},
  note = {Accessed: 2020-09-14}
}

@article{Poplin_2018,
  title={A universal SNP and small-indel variant caller using deep neural networks},
  volume={36},
  ISSN={1546-1696},
  url={http://dx.doi.org/10.1038/nbt.4235},
  DOI={10.1038/nbt.4235},
  number={10},
  journal={Nature Biotechnology},
  publisher={Springer Science and Business Media LLC},
  author={Poplin, Ryan and Chang, Pi-Chuan and Alexander, David and Schwartz, Scott and Colthurst, Thomas and Ku, Alexander and Newburger, Dan and Dijamco, Jojo and Nguyen, Nam and Afshar, Pegah T and et al.},
  year={2018},
  month={Sep},
  pages={983‚Äì987}
}

@article{taliun2019sequencing,
  title={Sequencing of 53,831 diverse genomes from the NHLBI TOPMed Program},
  author={Taliun, Daniel and Harris, Daniel N and Kessler, Michael D and Carlson, Jedidiah and Szpiech, Zachary A and Torres, Raul and Taliun, Sarah A Gagliano and Corvelo, Andr{\'e} and Gogarten, Stephanie M and Kang, Hyun Min and others},
  journal={BioRxiv},
  pages={563866},
  year={2019},
  publisher={Cold Spring Harbor Laboratory}
}

@article{Purcell_2007,
  title={PLINK: A Tool Set for Whole-Genome Association and Population-Based Linkage Analyses},
  volume={81},
  ISSN={0002-9297},
  url={http://dx.doi.org/10.1086/519795},
  DOI={10.1086/519795},
  number={3},
  journal={The American Journal of Human Genetics},
  publisher={Elsevier BV},
  author={Purcell, Shaun and Neale, Benjamin and Todd-Brown, Kathe and Thomas, Lori and Ferreira, Manuel A.R. and Bender, David and Maller, Julian and Sklar, Pamela and de Bakker, Paul I.W. and Daly, Mark J. and et al.},
  year={2007},
  month={Sep},
  pages={559‚Äì575}
}

@article{wagner2020benchmarking,
  title={Benchmarking challenging small variants with linked and long reads},
  author={Wagner, Justin and Olson, Nathan D and Harris, Lindsay and Khan, Ziad and Farek, Jesse and Mahmoud, Medhat and Stankovic, Ana and Kovacevic, Vladimir and Wenger, Aaron M and Rowell, William J and others},
  journal={BioRxiv},
  year={2020},
  publisher={Cold Spring Harbor Laboratory}
}

@article{Hehir_Kwa_2016,
  title={A high-quality human reference panel reveals the complexity and distribution of genomic structural variants},
  volume={7},
  ISSN={2041-1723},
  url={http://dx.doi.org/10.1038/ncomms12989},
  DOI={10.1038/ncomms12989},
  number={1},
  journal={Nature Communications},
  publisher={Springer Science and Business Media LLC},
  author={Hehir-Kwa, Jayne Y. and Marschall, Tobias and Kloosterman, Wigard P. and Francioli, Laurent C. and Baaijens, Jasmijn A. and Dijkstra, Louis J. and Abdellaoui, Abdel and Koval, Vyacheslav and Thung, Djie Tjwan and et al.},
  year={2016},
  month={Oct}
}

@article{Audano_2019,
  title={Characterizing the Major Structural Variant Alleles of the Human Genome},
  volume={176},
  ISSN={0092-8674},
  url={http://dx.doi.org/10.1016/j.cell.2018.12.019},
  DOI={10.1016/j.cell.2018.12.019},
  number={3},
  journal={Cell},
  publisher={Elsevier BV},
  author={Audano, Peter A. and Sulovari, Arvis and Graves-Lindsay, Tina A. and Cantsilieris, Stuart and Sorensen, Melanie and Welch, AnneMarie E. and Dougherty, Max L. and Nelson, Bradley J. and Shah, Ankeeta and Dutcher, Susan K. and et al.},
  year={2019},
  month={Jan},
  pages={663‚Äì675.e19}
}

@article{li2010building,
  title={Building the sequence map of the human pan-genome},
  author={Li, Ruiqiang and Li, Yingrui and Zheng, Hancheng and Luo, Ruibang and Zhu, Hongmei and Li, Qibin and Qian, Wubin and Ren, Yuanyuan and Tian, Geng and Li, Jinxiang and others},
  journal={Nature Biotechnology},
  volume={28},
  number={1},
  pages={57},
  year={2010},
  publisher={Nature Publishing Group}
}

@article{Fiddes_2018,
  title={Human-Specific {NOTCH2NL} Genes Affect Notch Signaling and Cortical Neurogenesis},
  volume={173},
  ISSN={0092-8674},
  url={http://dx.doi.org/10.1016/j.cell.2018.03.051},
  DOI={10.1016/j.cell.2018.03.051},
  number={6},
  journal={Cell},
  publisher={Elsevier BV},
  author={Fiddes, Ian T. and Lodewijk, Gerrald A. and Mooring, Meghan and Bosworth, Colleen M. and Ewing, Adam D. and Mantalas, Gary L. and Novak, Adam M. and van den Bout, Anouk and Bishara, Alex and Rosenkrantz, Jimi L. and et al.},
  year={2018},
  month={May},
  pages={1356‚Äì1369.e22}
}

@article{Zook_2020,
  title={A robust benchmark for detection of germline large deletions and insertions},
  ISSN={1546-1696},
  url={http://dx.doi.org/10.1038/s41587-020-0538-8},
  DOI={10.1038/s41587-020-0538-8},
  journal={Nature Biotechnology},
  publisher={Springer Science and Business Media LLC},
  author={Zook, Justin M. and Hansen, Nancy F. and Olson, Nathan D. and Chapman, Lesley and Mullikin, James C. and Xiao, Chunlin and Sherry, Stephen and Koren, Sergey and Phillippy, Adam M. and Boutros, Paul C. and et al.},
  year={2020},
  month={Jun}
}

@article{Rhie_2021,
  title={Towards complete and error-free genome assemblies of all vertebrate species},
  volume={592},
  ISSN={1476-4687},
  url={http://dx.doi.org/10.1038/s41586-021-03451-0},
  DOI={10.1038/s41586-021-03451-0},
  number={7856},
  journal={Nature},
  publisher={Springer Science and Business Media LLC},
  author={Rhie, Arang and McCarthy, Shane A. and Fedrigo, Olivier and Damas, Joana and Formenti, Giulio and Koren, Sergey and Uliano-Silva, Marcela and Chow, William and Fungtammasan, Arkarachai and Kim, Juwan and et al.},
  year={2021},
  month={Apr},
  pages={737‚Äì746}
}

@article{cheng2020haplotype,
  title={Haplotype-resolved de novo assembly with phased assembly graphs},
  author={Cheng, Haoyu and Concepcion, Gregory T and Feng, Xiaowen and Zhang, Haowen and Li, Heng},
  journal={arXiv preprint arXiv:2008.01237},
  year={2020}
}

@article{li2020design,
  title={The design and construction of reference pangenome graphs},
  author={Li, Heng and Feng, Xiaowen and Chu, Chong},
  journal={arXiv preprint arXiv:2003.06079},
  year={2020}
}

@article{Rakocevic_2019,
  title={Fast and accurate genomic analyses using genome graphs},
  volume={51},
  ISSN={1546-1718},
  url={http://dx.doi.org/10.1038/s41588-018-0316-4},
  DOI={10.1038/s41588-018-0316-4},
  number={2},
  journal={Nature Genetics},
  publisher={Springer Science and Business Media LLC},
  author={Rakocevic, Goran and Semenyuk, Vladimir and Lee, Wan-Ping and Spencer, James and Browning, John and Johnson, Ivan J. and Arsenijevic, Vladan and Nadj, Jelena and Ghose, Kaushik and Suciu, Maria C. and et al.},
  year={2019},
  month={Jan},
  pages={354‚Äì362}
}

@article{holley2019bifrost,
  title={Bifrost--Highly parallel construction and indexing of colored and compacted de Bruijn graphs},
  author={Holley, Guillaume and Melsted, P{\'a}ll},
  journal={BioRxiv},
  pages={695338},
  year={2019},
  publisher={Cold Spring Harbor Laboratory}
}

@article{Wick_2015,
  title={Bandage: interactive visualization of de novo genome assemblies: Fig. 1.},
  volume={31},
  ISSN={1460-2059},
  url={http://dx.doi.org/10.1093/bioinformatics/btv383},
  DOI={10.1093/bioinformatics/btv383},
  number={20},
  journal={Bioinformatics},
  publisher={Oxford University Press (OUP)},
  author={Wick, Ryan R. and Schultz, Mark B. and Zobel, Justin and Holt, Kathryn E.},
  year={2015},
  month={Jun},
  pages={3350‚Äì3352}
}

@article{Beyer_2019,
  title={Sequence tube maps: making graph genomes intuitive to commuters},
  ISSN={1460-2059},
  url={http://dx.doi.org/10.1093/bioinformatics/btz597},
  DOI={10.1093/bioinformatics/btz597},
  journal={Bioinformatics},
  publisher={Oxford University Press (OUP)},
  author={Beyer, Wolfgang and Novak, Adam M and Hickey, Glenn and Chan, Jeffrey and Tan, Vanessa and Paten, Benedict and Zerbino, Daniel R},
  editor={Valencia, AlfonsoEditor},
  year={2019},
  month={Aug}
}

@ARTICLE{Baaijens2019-ng,
  title={Full-length de novo viral quasispecies assembly through variation graph construction},
  ISSN={1460-2059},
  url={http://dx.doi.org/10.1093/bioinformatics/btz443},
  DOI={10.1093/bioinformatics/btz443},
  journal={Bioinformatics},
  publisher={Oxford University Press (OUP)},
  author={Baaijens, Jasmijn A and Van der Roest, Bastiaan and K√∂ster, Johannes and Stougie, Leen and Sch√∂nhuth, Alexander},
  year={2019},
  month={May},
  pages={287177}
}

@article{Jain_2018,
  title={A fast adaptive algorithm for computing whole-genome homology maps},
  volume={34},
  ISSN={1460-2059},
  url={http://dx.doi.org/10.1093/bioinformatics/bty597},
  DOI={10.1093/bioinformatics/bty597},
  number={17},
  journal={Bioinformatics},
  publisher={Oxford University Press (OUP)},
  author={Jain, Chirag and Koren, Sergey and Dilthey, Alexander and Phillippy, Adam M and Aluru, Srinivas},
  year={2018},
  month={Sep},
  pages={i748‚Äìi756}
}

@article{sosic2017edlib,
  title={Edlib: a C/C++ library for fast, exact sequence alignment using edit distance},
  volume={33},
  ISSN={1460-2059},
  url={http://dx.doi.org/10.1093/bioinformatics/btw753},
  DOI={10.1093/bioinformatics/btw753},
  number={9},
  journal={Bioinformatics},
  publisher={Oxford University Press (OUP)},
  author={{\v S}o{\v s}i{\'u}, Martin and {\v S}iki{\'c}, Mile},
  editor={Hancock, John},
  year={2017},
  month={Jan},
  pages={1394‚Äì1395}
}

@misc{elber2020pangenie,
  title = {Pangenie: Genotyping based on k-mers and pangenome graphs},
  author = {Elber, Jana},
  howpublished = {\url{https://bitbucket.org/jana_ebler/pangenie/src/master/}},
  note = {Accessed: 2020-09-15}
}



@article{Myers_1999,
  title={A fast bit-vector algorithm for approximate string matching based on dynamic programming},
  volume={46},
  ISSN={1557-735X},
  url={http://dx.doi.org/10.1145/316542.316550},
  DOI={10.1145/316542.316550},
  number={3},
  journal={Journal of the ACM},
  publisher={Association for Computing Machinery (ACM)},
  author={Myers, Gene},
  year={1999},
  month={May},
  pages={395‚Äì415}
}

@article{Kent_2002,
  title={The Human Genome Browser at UCSC},
  volume={12},
  ISSN={1088-9051},
  url={http://dx.doi.org/10.1101/gr.229102},
  DOI={10.1101/gr.229102},
  number={6},
  journal={Genome Research},
  publisher={Cold Spring Harbor Laboratory},
  author={Kent, W. J. and Sugnet, C. W. and Furey, T. S. and Roskin, K. M. and Pringle, T. H. and Zahler, A. M. and Haussler, a. D.},
  year={2002},
  month={May},
  pages={996‚Äì1006}
}

@article{Dutheil_2014,
  title={MafFilter: a highly flexible and extensible multiple genome alignment files processor},
  volume={15},
  ISSN={1471-2164},
  url={http://dx.doi.org/10.1186/1471-2164-15-53},
  DOI={10.1186/1471-2164-15-53},
  number={1},
  journal={BMC Genomics},
  publisher={Springer Science and Business Media LLC},
  author={Dutheil, Julien Y and Gaillard, Sylvain and Stukenbrock, Eva H},
  year={2014},
  pages={53}
}

@article{Delaneau_2013,
  title={Improved whole-chromosome phasing for disease and population genetic studies},
  volume={10},
  ISSN={1548-7105},
  url={http://dx.doi.org/10.1038/nmeth.2307},
  DOI={10.1038/nmeth.2307},
  number={1},
  journal={Nature Methods},
  publisher={Springer Science and Business Media LLC},
  author={Delaneau, Olivier and Zagury, Jean-Francois and Marchini, Jonathan},
  year={2013},
  month={Jan},
  pages={5‚Äì6}
}

@article{Loh_2016,
  title={Fast and accurate long-range phasing in a UK Biobank cohort},
  volume={48},
  ISSN={1546-1718},
  url={http://dx.doi.org/10.1038/ng.3571},
  DOI={10.1038/ng.3571},
  number={7},
  journal={Nature Genetics},
  publisher={Springer Science and Business Media LLC},
  author={Loh, Po-Ru and Palamara, Pier Francesco and Price, Alkes L},
  year={2016},
  month={Jun},
  pages={811‚Äì816}
}

@article{uk10k2015,
  title={The UK10K project identifies rare variants in health and disease},
  volume={526},
  ISSN={1476-4687},
  url={http://dx.doi.org/10.1038/nature14962},
  DOI={10.1038/nature14962},
  number={7571},
  journal={Nature},
  publisher={Springer Science and Business Media LLC},
  year={2015},
  month={Sep},
  pages={82‚Äì90}
}

@misc{privvg2020,
  title = {Privacy-preserving variation graphs},
  author = { Garrison, Erik },
  howpublished = {\url{https://privvg.github.io/}},
  note = {Accessed: 2020-09-15}
}

@misc{phagecorrect2020,
  title = {viral-assembly: exploring viral genome assembly with variation graph tools},
  author = {Garrison, Erik},
  howpublished = {\url{https://github.com/ekg/viral-assembly}},
  note = {Accessed: 2020-09-15}
}

@article{Smith_2021,
  title={Landscape and selection of vaccine epitopes in SARS-CoV-2},
  volume={13},
  ISSN={1756-994X},
  url={http://dx.doi.org/10.1186/s13073-021-00910-1},
  DOI={10.1186/s13073-021-00910-1},
  number={1},
  journal={Genome Medicine},
  publisher={Springer Science and Business Media LLC},
  author={Smith, Christof C. and Olsen, Kelly S. and Gentry, Kaylee M. and Sambade, Maria and Beck, Wolfgang and Garness, Jason and Entwistle, Sarah and Willis, Caryn and Vensko, Steven and Woods, Allison and et al.},
  year={2021},
  month={Jun}
}

@article{Smith_2020,
  title={Translation of a therapeutic neoantigen vaccine workflow to SARS-CoV-2 vaccine development},
  volume={8},
  ISSN={2051-1426},
  url={http://dx.doi.org/10.1136/jitc-2020-SITC2020.0478},
  DOI={10.1136/jitc-2020-sitc2020.0478},
  number={Suppl 3},
  journal={Journal for ImmunoTherapy of Cancer},
  publisher={BMJ},
  author={Smith, Christof and Entwistle, Sarah and Willis, Caryn and Vensko, Steven and Beck, Wolfgang and Garness, Jason and Sambade, Maria and Routh, Eric and Olsen, Kelly and Carpenter, Brandon and et al.},
  year={2020},
  month={Nov},
  pages={A510‚ÄìA512}
}

@article{pcawg2020pancancer,
  title={Pan-cancer analysis of whole genomes},
  author={{International Pan-Cancer Analysis of Whole Genomes Consortium}},
  volume={578},
  ISSN={1476-4687},
  url={http://dx.doi.org/10.1038/s41586-020-1969-6},
  DOI={10.1038/s41586-020-1969-6},
  number={7793},
  journal={Nature},
  publisher={Springer Science and Business Media LLC},
  year={2020},
  month={Feb},
  pages={82‚Äì93}
}
@misc{vgtools-gh,
  title     = {vgtools for Working with Genome Variation Graphs },
  key       = {pangenome},
  howpublished = {GitHub Repository},
  note      = {\\\url{https://github.com/vgteam/}},
  year      = {2014 (accessed Jul 2021)},
}
@misc{freebayes-gh,
  title     = {Bayesian Haplotype-Based Genetic Polymorphism Discovery and Genotyping},
  key       = {genomics, genetics},
  howpublished = {GitHub Repository},
  note      = {\\\url{https://github.com/freebayes/}},
  year      = {2010 (accessed Jul 2021)},
}
@misc{pangenome-gh,
  title     = {Pangenome Tools},
  key       = {genomics, genetics, pangenome},
  howpublished = {GitHub Repository},
  note      = {\\\url{https://github.com/pangenome/}},
  year      = {2020 (accessed Jul 2021)},
}
@misc{pangenome-home,
  title     = {Pangenome Tools},
  key       = {genomics, genetics, pangenome},
  howpublished = {GitHub Repository},
  note      = {\\\url{https://pangenome.github.io/}},
  year      = {2020 (accessed Jul 2021)},
}

@misc{tubemap-gh,
  title     = {VGTeam Sequence TubeMap},
  key       = {genomics, genetics, pangenome},
  howpublished = {GitHub Repository},
  note      = {\\\url{https://github.com/vgteam/sequenceTubeMap}},
  year      = {2020 (accessed Jul 2021)},
}

@misc{pggb-gh,
  title     = {pggb: pangenome graph builder},
  key       = {genomics, genetics, pangenome},
  howpublished = {GitHub Repository},
  note      = {\\\url{https://github.com/pangenome/pggb}},
  year      = {2020 (accessed Jul 2021)},
}

@misc{vcflib-gh,
  title     = {vcflib for working with VCF files},
  key       = {genomics, genetics, pangenome},
  howpublished = {GitHub Repository},
  note      = {\\\url{https://github.com/vcflib/vcflib}},
  year      = {2021 (accessed Jul 2021)},
}

@misc{HPRC,
  title = {Human Pangenome Reference Consortium},
  key  = {genomics, genetics, pangenome},
  howpublished = {Online Webpage},
  note = {\\\url{https://humanpangenome.org/}},
  year = {2021 (accessed Jul 2021)},
}

@misc{edyeet,
  title     = {Base-Accurate DNA Sequence Alignments Using edlib and mashmap2},
  key       = {genomics, genetics, pangenome},
  howpublished = {GitHub Repository},
  note      = {\\\url{https://github.com/ekg/edyeet}},
  year      = {2020 (accessed Jan 2021)},
}

@misc{wfmash,
  title     = {Base-Accurate DNA Sequence Alignments Using WFA and mashmap2},
  key       = {genomics, genetics, pangenome},
  howpublished = {GitHub Repository},
  note      = {\\\url{https://github.com/ekg/wfmash}},
  year      = {2020 (accessed Jul 2021)},
}

@inproceedings{anderson1991wait,
  title={Wait-free parallel algorithms for the union-find problem},
  author={Anderson, Richard J and Woll, Heather},
  booktitle={Proceedings of the twenty-third annual ACM symposium on Theory of computing},
  pages={370--380},
  year={1991}
}

@misc{pggb,
  title     = {The Pangenome Graph Builder},
  key       = {genomics, genetics, pangenome},
  howpublished = {GitHub Repository},
  note      = {\\\url{https://github.com/pangenome/pggb}},
  year      = {2020 (accessed Jul 2021)},
}

@misc{GFA,
  title     = {Graphical Fragment Assembly (GFA) Format Specification},
  key       = {genomics, genetics, pangenome},
  howpublished = {GitHub Repository},
  note      = {\\\url{https://github.com/GFA-spec/GFA-spec}},
  year      = {2015 (accessed Jul 2021)},
}

@article{Kehr_2014,
  title={Genome alignment with graph data structures: a comparison},
  volume={15},
  ISSN={1471-2105},
  url={http://dx.doi.org/10.1186/1471-2105-15-99},
  DOI={10.1186/1471-2105-15-99},
  number={1},
  journal={BMC Bioinformatics},
  publisher={Springer Science and Business Media LLC},
  author={Kehr, Birte and Trappe, Kathrin and Holtgrewe, Manuel and Reinert, Knut},
  year={2014},
  month={Apr}
}

@article{zheng2018graph,
  title={Graph drawing by stochastic gradient descent},
  author={Zheng, Jonathan X and Pawar, Samraat and Goodman, Dan FM},
  journal={IEEE Transactions on Visualization and Computer Graphics (TVCG)},
  volume={25},
  number={9},
  pages={2738--2748},
  year={2018},
  publisher={IEEE}
}

@misc{CHM13,
  title     = {The (Near) Complete Sequence of a Human Genome},
  key       = {genomics, genetics, pangenome},
  howpublished = {Online Webpage},
  note      = {\\\url{https://genomeinformatics.github.io/CHM13v1/}},
  year      = {2021 (accessed Jul 2021)},
}

@misc{T2T,
  title     = {The Telomere-to-Telomere (T2T) Consortium},
  key       = {genomics, genetics, pangenome},
  howpublished = {Online Webpage},
  note      = {\\\url{https://sites.google.com/ucsc.edu/t2tworkinggroup/home}},
}

@misc{PGVF,
  title     = {Pangenome Graph Variation Format (PGVF) Format Specification},
  key       = {genomics, genetics, pangenome},
  howpublished = {GitHub Repository},
  note      = {\\\url{https://github.com/pangenome/pgvf-spec}},
  year      = {2015 (accessed Jan 2021)},
}

@article{Eizenga_2020,
  title={Pangenome Graphs},
  volume={21},
  ISSN={1545-293X},
  url={http://dx.doi.org/10.1146/annurev-genom-120219-080406},
  DOI={10.1146/annurev-genom-120219-080406},
  number={1},
  journal={Annual Review of Genomics and Human Genetics},
  publisher={Annual Reviews},
  author={Eizenga, Jordan M. and Novak, Adam M. and Sibbesen, Jonas A. and Heumos, Simon and Ghaffaari, Ali and Hickey, Glenn and Chang, Xian and Seaman, Josiah D. and Rounthwaite, Robin and Ebler, Jana and et al.},
  year={2020},
  month={Aug},
  pages={139‚Äì162}
}

@misc{smoothxg,
  title     = {smoothxg: Linearize and Simplify Variation Graphs Using Blocked Partial Order Alignment},
  key       = {genomics, genetics, pangenome},
  howpublished = {GitHub Repository},
  note      = {\\\url{https://github.com/pangenome/smoothxg}},
  year      = {2021 (accessed Jul 2021)},
}

@misc{odgi,
  title     = {odgi: Optimized Dynamic Genome Graph Implementation},
  key       = {genomics, genetics, pangenome},
  howpublished = {GitHub Repository},
  note      = {\\\url{https://github.com/pangenome/odgi}},
  year      = {2018 (accessed Jul 2021)},
}

@misc{seqwish,
  title     = {seqwish: Alignment to Variation Graph Inducer},
  key       = {genomics, genetics, pangenome},
  howpublished = {GitHub Repository},
  note      = {\\\url{https://github.com/ekg/seqwish}},
  year      = {2018 (accessed Jul 2021)},
}

@misc{gfautil,
  title     = {gfautil: Command line tool for various operations on GFA and related files.},
  key       = {genomics, genetics, pangenome},
  howpublished = {Crates.io Rust community crate registry},
  note      = {\\\url{https://crates.io/crates/gfautil}},
  year      = {2018 (accessed Jul 2021)},
}

@misc{gfaestus,
  title     = {gfaestus: Vulkan-accelerated GFA visualization},
  key       = {genomics, genetics, pangenome},
  howpublished = {GitHub Repository},
  note      = {\\\url{https://github.com/chfi/gfaestus}},
  year      = {2018 (accessed Jul 2021)},
}

@misc{cactusminigraph,
  title = {The Cactus Pangenome Pipeline},
  howpublished = {GitHub Repository},
  note      = {\\\url{https://github.com/ComparativeGenomicsToolkit/cactus/blob/master/doc/pangenome.md\#the-cactus-pangenome-pipeline}},
  year      = {2021 (accessed Jul 2021)},
}

@article{Kahn_1962,
  title={Topological sorting of large networks},
  volume={5},
  ISSN={1557-7317},
  url={http://dx.doi.org/10.1145/368996.369025},
  DOI={10.1145/368996.369025},
  number={11},
  journal={Communications of the ACM},
  publisher={Association for Computing Machinery (ACM)},
  author={Kahn, A. B.},
  year={1962},
  month={Nov},
  pages={558‚Äì562}
}

@article{Rautiainen_2020,
  title={GraphAligner: rapid and versatile sequence-to-graph alignment},
  volume={21},
  ISSN={1474-760X},
  url={http://dx.doi.org/10.1186/s13059-020-02157-2},
  DOI={10.1186/s13059-020-02157-2},
  number={1},
  journal={Genome Biology},
  publisher={Springer Science and Business Media LLC},
  author={Rautiainen, Mikko and Marschall, Tobias},
  year={2020},
  month={Sep}
}

@misc{privvg,
  title     = {Privacy-Preserving Variation Graphs},
  key       = {genomics, genetics, pangenome},
  howpublished = {Online Webpage},
  note      = {\\\url{https://nlnet.nl/project/VariationGraph/}},
  year      = {2021 (accessed Jul 2021)},
}

@misc{maf_format,
  title     = {MAF - (Multiple Alignment Format) Specifications},
  key       = {genomics, genetics, pangenome},
  howpublished = {Online Webpage},
  note      = {\\\url{http://www.bx.psu.edu/~dcking/man/maf.xhtml}},
  year      = {2009 (accessed Jul 2021)},
}

http://www.bx.psu.edu/~dcking/man/maf.xhtml

@article{1000SV,
  keywords     = {},
  pmid         = {26432246},
  pmcid        = {4617611},
  author       = {Sudmant, P. H. and Rausch, T. and Gardner, E. J. and Handsaker, R. E. and Abyzov, A. and Huddleston, J. and Zhang, Y. and Ye, K. and Jun, G. and Fritz, M. H. and Konkel, M. K. and Malhotra, A. and Stutz, A. M. and Shi, X. and Casale, F. P. and Chen, J. and Hormozdiari, F. and Dayama, G. and Chen, K. and Malig, M. and Chaisson, M. J. P. and Walter, K. and Meiers, S. and Kashin, S. and Garrison, E. and Auton, A. and Lam, H. Y. K. and Mu, X. J. and Alkan, C. and Antaki, D. and Bae, T. and Cerveira, E. and Chines, P. and Chong, Z. and Clarke, L. and Dal, E. and Ding, L. and Emery, S. and Fan, X. and Gujral, M. and Kahveci, F. and Kidd, J. M. and Kong, Y. and Lameijer, E. W. and McCarthy, S. and Flicek, P. and Gibbs, R. A. and Marth, G. and Mason, C. E. and Menelaou, A. and Muzny, D. M. and Nelson, B. J. and Noor, A. and Parrish, N. F. and Pendleton, M. and Quitadamo, A. and Raeder, B. and Schadt, E. E. and Romanovitch, M. and Schlattl, A. and Sebra, R. and Shabalin, A. A. and Untergasser, A. and Walker, J. A. and Wang, M. and Yu, F. and Zhang, C. and Zhang, J. and Zheng-Bradley, X. and Zhou, W. and Zichner, T. and Sebat, J. and Batzer, M. A. and McCarroll, S. A. and Mills, R. E. and Gerstein, M. B. and Bashir, A. and Stegle, O. and Devine, S. E. and Lee, C. and Eichler, E. E. and Korbel, J. O.},
  title        = {{An Integrated Map of Structural Variation in 2,504 Human Genomes}},
  journal      = {Nature},
  year         = {2015},
  month=OCT,
  volume       = {526},
  number       = {7571},
  pages        = {75-81},
  doi          = {10.1038/nature15394},
  url          = {http://www.ncbi.nlm.nih.gov/pubmed/26432246},
  abstract     = {Structural variants are implicated in numerous diseases and make up the majority of varying nucleotides among human genomes. Here we describe an integrated set of eight structural variant classes comprising both balanced and unbalanced variants, which we constructed using short-read DNA sequencing data and statistically phased onto haplotype blocks in 26 human populations. Analysing this set, we identify numerous gene-intersecting structural variants exhibiting population stratification and describe naturally occurring homozygous gene knockouts that suggest the dispensability of a variety of human genes. We demonstrate that structural variants are enriched on haplotypes identified by genome-wide association studies and exhibit enrichment for expression quantitative trait loci. Additionally, we uncover appreciable levels of structural variant complexity at different scales, including genic loci subject to clusters of repeated rearrangement and complex structural variants with multiple breakpoints likely to have formed through individual mutational events. Our catalogue will enhance future studies into structural variant demography, functional impact and disease association.},
}

@article{Armstrong:2020,
  keywords     = {},
  pmid         = {33177663},
  pmcid        = {7673649},
  author       = {Armstrong, J. and Hickey, G. and Diekhans, M. and Fiddes, I. T. and Novak, A. M. and Deran, A. and Fang, Q. and Xie, D. and Feng, S. and Stiller, J. and Genereux, D. and Johnson, J. and Marinescu, V. D. and Alfoldi, J. and Harris, R. S. and Lindblad-Toh, K. and Haussler, D. and Karlsson, E. and Jarvis, E. D. and Zhang, G. and Paten, B.},
  title        = {{Progressive Cactus is a Multiple-Genome Aligner for the Thousand-Genome Era}},
  journal      = {Nature},
  year         = {2020},
  month=NOV,
  volume       = {587},
  number       = {7833},
  pages        = {246-251},
  doi          = {10.1038/s41586-020-2871-y},
  url          = {http://www.ncbi.nlm.nih.gov/pubmed/33177663},
  abstract     = {New genome assemblies have been arriving at a rapidly increasing pace, thanks to decreases in sequencing costs and improvements in third-generation sequencing technologies(1-3). For example, the number of vertebrate genome assemblies currently in the NCBI (National Center for Biotechnology Information) database(4) increased by more than 50\% to 1,485 assemblies in the year from July 2018 to July 2019. In addition to this influx of assemblies from different species, new human de novo assemblies(5) are being produced, which enable the analysis of not only small polymorphisms, but also complex, large-scale structural differences between human individuals and haplotypes. This coming era and its unprecedented amount of data offer the opportunity to uncover many insights into genome evolution but also present challenges in how to adapt current analysis methods to meet the increased scale. Cactus(6), a reference-free multiple genome alignment program, has been shown to be highly accurate, but the existing implementation scales poorly with increasing numbers of genomes, and struggles in regions of highly duplicated sequences. Here we describe progressive extensions to Cactus to create Progressive Cactus, which enables the reference-free alignment of tens to thousands of large vertebrate genomes while maintaining high alignment quality. We describe results from an alignment of more than 600 amniote genomes, which is to our knowledge the largest multiple vertebrate genome alignment created so far.},
}

@article{Abecasis:2012,
  keywords     = {},
  pmid         = {23128226},
  pmcid        = {3498066},
  author       = {Abecasis, G. R. and Auton, A. and Brooks, L. D. and DePristo, M. A. and Durbin, R. M. and Handsaker, R. E. and Kang, H. M. and Marth, G. T. and McVean, G. A.},
  title        = {{An Integrated Map of Genetic Variation from 1,092 Human Genomes}},
  journal      = {Nature},
  year         = {2012},
  month        = NOV,
  volume       = {491},
  number       = {7422},
  pages        = {56-65},
  doi          = {10.1038/nature11632},
  url          = {http://www.ncbi.nlm.nih.gov/pubmed/23128226},
  abstract     = {By characterizing the geographic and functional spectrum of human genetic variation, the 1000 Genomes Project aims to build a resource to help to understand the genetic contribution to disease. Here we describe the genomes of 1,092 individuals from 14 populations, constructed using a combination of low-coverage whole-genome and exome sequencing. By developing methods to integrate information across several algorithms and diverse data sources, we provide a validated haplotype map of 38 million single nucleotide polymorphisms, 1.4 million short insertions and deletions, and more than 14,000 larger deletions. We show that individuals from different populations carry different profiles of rare and common variants, and that low-frequency variants show substantial geographic differentiation, which is further increased by the action of purifying selection. We show that evolutionary conservation and coding consequence are key determinants of the strength of purifying selection, that rare-variant load varies substantially across biological pathways, and that each individual contains hundreds of rare non-coding variants at conserved sites, such as motif-disrupting changes in transcription-factor-binding sites. This resource, which captures up to 98\% of accessible single nucleotide polymorphisms at a frequency of 1\% in related populations, enables analysis of common and low-frequency variants in individuals from diverse, including admixed, populations.},
}

@article{Barann:2013,
  keywords     = {},
  pmid         = {23620359},
  author       = {Barann, M. and Esser, D. and Klostermeier, U. C. and Lappalainen, T. and Luzius, A. and Kuiper, J. W. and Ammerpohl, O. and Vater, I. and Siebert, R. and Amstislavskiy, V. and Sudbrak, R. and Lehrach, H. and Schreiber, S. and Rosenstiel, P.},
  title        = {{Janus--a comprehensive tool investigating the two faces of transcription}},
  journal      = {Bioinformatics},
  year         = {2013},
  volume       = {29},
  number       = {13},
  pages        = {1600-1606},
  doi          = {10.1093/bioinformatics/btt185},
  url          = {http://www.ncbi.nlm.nih.gov/pubmed/23620359},
  abstract     = {MOTIVATION: Protocols to generate strand-specific transcriptomes with next-generation sequencing platforms have been used by the scientific community roughly since 2008. Strand-specific reads allow for detection of antisense events and a higher resolution of expression profiles enabling extension of current transcript annotations. However, applications making use of this strandedness information are still scarce. RESULTS: Here we present a tool (Janus), which focuses on the identification of transcriptional active regions in antisense orientation to known and novel transcribed elements of the genome. Janus can compare the antisense events of multiple samples and assigns scores to identify mutual expression of either transcript in a sense/antisense pair, which could hint to regulatory mechanisms. Janus is able to make use of single-nucleotide variant (SNV) and methylation data, if available, and reports the sense to antisense ratio of regions in the vicinity of the identified genetic and epigenetic variation. Janus interrogates positions of heterozygous SNVs to identify strand-specific allelic imbalance. AVAILABILITY: Janus is written in C/C++ and freely available at http://www.ikmb.uni-kiel.de/janus/janus.html under terms of GNU General Public License, for both, Linux and Windows 64x. Although the binaries will work without additional downloads, the software depends on bamtools (https://github.com/pezmaster31/bamtools) for compilation. A detailed tutorial section is included in the first section of the supplemental material and included as brief readme.txt in the tutorial archive. SUPPLEMENTARY INFORMATION: Supplementary data are available at Bioinformatics online.},
}

@article{Barnett:2011,
  keywords     = {},
  pmid         = {21493652},
  pmcid        = {3106182},
  author       = {Barnett, D. W. and Garrison, E. K. and Quinlan, A. R. and Stromberg, M. P. and Marth, G. T.},
  title        = {{BamTools: a C++ API and Toolkit for Analyzing and Managing BAM Files}},
  journal      = {Bioinformatics},
  year         = {2011},
  month=JUN,
  volume       = {27},
  number       = {12},
  pages        = {1691-1692},
  doi          = {10.1093/bioinformatics/btr174},
  url          = {http://www.ncbi.nlm.nih.gov/pubmed/21493652},
  abstract     = {MOTIVATION: Analysis of genomic sequencing data requires efficient, easy-to-use access to alignment results and flexible data management tools (e.g. filtering, merging, sorting, etc.). However, the enormous amount of data produced by current sequencing technologies is typically stored in compressed, binary formats that are not easily handled by the text-based parsers commonly used in bioinformatics research. RESULTS: We introduce a software suite for programmers and end users that facilitates research analysis and data management using BAM files. BamTools provides both the first C++ API publicly available for BAM file support as well as a command-line toolkit. AVAILABILITY: BamTools was written in C++, and is supported on Linux, Mac OSX and MS Windows. Source code and documentation are freely available at http://github.org/pezmaster31/bamtools.},
}

@article{Khurana:2013,
  keywords     = {},
  pmid         = {24092746},
  pmcid        = {3947637},
  author       = {Khurana, E. and Fu, Y. and Colonna, V. and Mu, X. J. and Kang, H. M. and Lappalainen, T. and Sboner, A. and Lochovsky, L. and Chen, J. and Harmanci, A. and Das, J. and Abyzov, A. and Balasubramanian, S. and Beal, K. and Chakravarty, D. and Challis, D. and Chen, Y. and Clarke, D. and Clarke, L. and Cunningham, F. and Evani, U. S. and Flicek, P. and Fragoza, R. and Garrison, E. and Gibbs, R. and Gumus, Z. H. and Herrero, J. and Kitabayashi, N. and Kong, Y. and Lage, K. and Liluashvili, V. and Lipkin, S. M. and MacArthur, D. G. and Marth, G. and Muzny, D. and Pers, T. H. and Ritchie, G. R. S. and Rosenfeld, J. A. and Sisu, C. and Wei, X. and Wilson, M. and Xue, Y. and Yu, F. and Dermitzakis, E. T. and Yu, H. and Rubin, M. A. and Tyler-Smith, C. and Gerstein, M.},
  title        = {{Integrative Annotation of Variants from 1092 Humans: Application to Cancer Genomics}},
  journal      = {Science},
  year         = {2013},
  month=OCT,
  volume       = {342},
  number       = {6154},
  pages        = {1235587},
  doi          = {10.1126/science.1235587},
  url          = {http://www.ncbi.nlm.nih.gov/pubmed/24092746},
  abstract     = {Interpreting variants, especially noncoding ones, in the increasing number of personal genomes is challenging. We used patterns of polymorphisms in functionally annotated regions in 1092 humans to identify deleterious variants; then we experimentally validated candidates. We analyzed both coding and noncoding regions, with the former corroborating the latter. We found regions particularly sensitive to mutations ("ultrasensitive") and variants that are disruptive because of mechanistic effects on transcription-factor binding (that is, "motif-breakers"). We also found variants in regions with higher network centrality tend to be deleterious. Insertions and deletions followed a similar pattern to single-nucleotide variants, with some notable exceptions (e.g., certain deletions and enhancers). On the basis of these patterns, we developed a computational tool (FunSeq), whose application to ~90 cancer genomes reveals nearly a hundred candidate noncoding drivers.},
}

@article{Chiang:2015,
  keywords     = {},
  pmid         = {26258291},
  pmcid        = {4589466},
  author       = {Chiang, C. and Layer, R. M. and Faust, G. G. and Lindberg, M. R. and Rose, D. B. and Garrison, E. P. and Marth, G. T. and Quinlan, A. R. and Hall, I. M.},
  title        = {{SpeedSeq: Ultra-Fast Personal Genome Analysis and Interpretation}},
  journal      = {Nature Methods},
  year         = {2015},
  month=OCT,
  volume       = {12},
  number       = {10},
  pages        = {966-968},
  doi          = {10.1038/nmeth.3505},
  url          = {http://www.ncbi.nlm.nih.gov/pubmed/26258291},
  abstract     = {SpeedSeq is an open-source genome analysis platform that accomplishes alignment, variant detection and functional annotation of a 50x human genome in 13 h on a low-cost server and alleviates a bioinformatics bottleneck that typically demands weeks of computation with extensive hands-on expert involvement. SpeedSeq offers performance competitive with or superior to current methods for detecting germline and somatic single-nucleotide variants, structural variants, insertions and deletions, and it includes novel functionality for streamlined interpretation.},
}

@article{Paten:2017,
  keywords     = {},
  pmid         = {28360232},
  pmcid        = {5411762},
  author       = {Paten, B. and Novak, A. M. and Eizenga, J. M. and Garrison, E.},
  title        = {{Genome Graphs and the Evolution of Genome Inference}},
  journal      = {Genome Research},
  year         = {2017},
  month=MAY,
  volume       = {27},
  number       = {5},
  pages        = {665-676},
  doi          = {10.1101/gr.214155.116},
  url          = {http://www.ncbi.nlm.nih.gov/pubmed/28360232},
  abstract     = {The human reference genome is part of the foundation of modern human biology and a monumental scientific achievement. However, because it excludes a great deal of common human variation, it introduces a pervasive reference bias into the field of human genomics. To reduce this bias, it makes sense to draw on representative collections of human genomes, brought together into reference cohorts. There are a number of techniques to represent and organize data gleaned from these cohorts, many using ideas implicitly or explicitly borrowed from graph-based models. Here, we survey various projects underway to build and apply these graph-based structures-which we collectively refer to as genome graphs-and discuss the improvements in read mapping, variant calling, and haplotype determination that genome graphs are expected to produce.},
}

@article{Auton:2015,
  keywords     = {},
  pmid         = {26432245},
  pmcid        = {4750478},
  author       = {Auton, A. and Brooks, L. D. and Durbin, R. M. and Garrison, E. P. and Kang, H. M. and Korbel, J. O. and Marchini, J. L. and McCarthy, S. and McVean, G. A. and Abecasis, G. R.},
  title        = {{A global reference for human genetic variation}},
  journal      = {Nature},
  year         = {2015},
  volume       = {526},
  number       = {7571},
  pages        = {68-74},
  doi          = {10.1038/nature15393},
  url          = {http://www.ncbi.nlm.nih.gov/pubmed/26432245},
  abstract     = {The 1000 Genomes Project set out to provide a comprehensive description of common human genetic variation by applying whole-genome sequencing to a diverse set of individuals from multiple populations. Here we report completion of the project, having reconstructed the genomes of 2,504 individuals from 26 populations using a combination of low-coverage whole-genome sequencing, deep exome sequencing, and dense microarray genotyping. We characterized a broad spectrum of genetic variation, in total over 88 million variants (84.7 million single nucleotide polymorphisms (SNPs), 3.6 million short insertions/deletions (indels), and 60,000 structural variants), all phased onto high-quality haplotypes. This resource includes >99\% of SNP variants with a frequency of >1\% for a variety of ancestries. We describe the distribution of genetic variation across the global sample, and discuss the implications for common disease studies.},
}

@article{young2019heritability,
  title={Solving the missing heritability problem},
  volume={15},
  ISSN={1553-7404},
  url={http://dx.doi.org/10.1371/journal.pgen.1008222},
  DOI={10.1371/journal.pgen.1008222},
  number={6},
  journal={PLOS Genetics},
  publisher={Public Library of Science (PLoS)},
  author={Young, Alexander I.},
  year={2019},
  month={Jun},
  pages={e1008222}
}

@article{2009,
  title={Finding the missing heritability of complex diseases},
  volume={461},
  ISSN={1476-4687},
  url={http://dx.doi.org/10.1038/nature08494},
  DOI={10.1038/nature08494},
  number={7265},
  journal={Nature},
  publisher={Springer Science and Business Media LLC},
  author={Manolio, Teri A. and Collins, Francis S. and Cox, Nancy J. and Goldstein, David B. and Hindorff, Lucia A. and Hunter, David J. and McCarthy, Mark I. and Ramos, Erin M. and Cardon, Lon R. and Chakravarti, Aravinda and et al.},
  year={2009},
  month={Oct},
  pages={747‚Äì753}
}

@article{Gurdasani:2019,
  keywords     = {},
  pmid         = {31675503},
  pmcid        = {7202134},
  author       = {Gurdasani, D. and Carstensen, T. and Fatumo, S. and Chen, G. and Franklin, C. S. and Prado-Martinez, J. and Bouman, H. and Abascal, F. and Haber, M. and Tachmazidou, I. and Mathieson, I. and Ekoru, K. and DeGorter, M. K. and Nsubuga, R. N. and Finan, C. and Wheeler, E. and Chen, L. and Cooper, D. N. and Schiffels, S. and Chen, Y. and Ritchie, G. R. S. and Pollard, M. O. and Fortune, M. D. and Mentzer, A. J. and Garrison, E. and Bergstrom, A. and Hatzikotoulas, K. and Adeyemo, A. and Doumatey, A. and Elding, H. and Wain, L. V. and Ehret, G. and Auer, P. L. and Kooperberg, C. L. and Reiner, A. P. and Franceschini, N. and Maher, D. and Montgomery, S. B. and Kadie, C. and Widmer, C. and Xue, Y. and Seeley, J. and Asiki, G. and Kamali, A. and Young, E. H. and Pomilla, C. and Soranzo, N. and Zeggini, E. and Pirie, F. and Morris, A. P. and Heckerman, D. and Tyler-Smith, C. and Motala, A. A. and Rotimi, C. and Kaleebu, P. and Barroso, I. and Sandhu, M. S.},
  title        = {{Uganda Genome Resource Enables Insights into Population History and Genomic Discovery in Africa}},
  journal      = {Cell},
  year         = {2019},
  month=OCT,
  volume       = {179},
  number       = {4},
  pages        = {984-1002.e36},
  doi          = {10.1016/j.cell.2019.10.004},
  url          = {http://www.ncbi.nlm.nih.gov/pubmed/31675503},
  abstract     = {Genomic studies in African populations provide unique opportunities to understand disease etiology, human diversity, and population history. In the largest study of its kind, comprising genome-wide data from 6,400 individuals and whole-genome sequences from 1,978 individuals from rural Uganda, we find evidence of geographically correlated fine-scale population substructure. Historically, the ancestry of modern Ugandans was best represented by a mixture of ancient East African pastoralists. We demonstrate the value of the largest sequence panel from Africa to date as an imputation resource. Examining 34 cardiometabolic traits, we show systematic differences in trait heritability between European and African populations, probably reflecting the differential impact of genes and environment. In a multi-trait pan-African GWAS of up to 14,126 individuals, we identify novel loci associated with anthropometric, hematological, lipid, and glycemic traits. We find that several functionally important signals are driven by Africa-specific variants, highlighting the value of studying diverse populations across the region.},
}

@article{Osoegawa_2001,
  title={A Bacterial Artificial Chromosome Library for Sequencing the Complete Human Genome},
  volume={11},
  ISSN={1549-5469},
  url={http://dx.doi.org/10.1101/gr.169601},
  DOI={10.1101/gr.169601},
  number={3},
  journal={Genome Research},
  publisher={Cold Spring Harbor Laboratory},
  author={Osoegawa, Kazutoyo and Mammoser, Aaron G. and Wu, Chenyan and Frengen, Eirik and Zeng, Changjiang and Catanese, Joseph J. and de Jong, Pieter J.},
  year={2001},
  month={Mar},
  pages={483-496}
}

@article{Walsh_1986,
  title={Sequencing the human genome},
  volume={322},
  ISSN={1476-4687},
  url={http://dx.doi.org/10.1038/322590a0},
  DOI={10.1038/322590a0},
  number={6080},
  journal={Nature},
  publisher={Springer Science and Business Media LLC},
  author={Walsh, James Bruce and Marks, Jon},
  year={1986},
  month={Aug},
  pages={590-590}
}

@article{Sherman_2020,
  title={Pan-genomics in the human genome era},
  volume={21},
  ISSN={1471-0064},
  url={http://dx.doi.org/10.1038/s41576-020-0210-7},
  DOI={10.1038/s41576-020-0210-7},
  number={4},
  journal={Nature Reviews Genetics},
  publisher={Springer Science and Business Media LLC},
  author={Sherman, Rachel M. and Salzberg, Steven L.},
  year={2020},
  month={Feb},
  pages={243‚Äì254}
}

@article{Garrison:2018,
  keywords     = {},
  pmid         = {30125266},
  pmcid        = {6126949},
  author       = {Garrison, E. and Siren, J. and Novak, A. M. and Hickey, G. and Eizenga, J. M. and Dawson, E. T. and Jones, W. and Garg, S. and Markello, C. and Lin, M. F. and Paten, B. and Durbin, R.},
  title        = {{Variation Graph Toolkit Improves Read Mapping by Representing Genetic Variation in the Reference}},
  journal      = {Nature Biotechnology},
  year         = {2018},
  month=OCT,
  volume       = {36},
  number       = {9},
  pages        = {875-879},
  doi          = {10.1038/nbt.4227},
  url          = {http://www.ncbi.nlm.nih.gov/pubmed/30125266},
  abstract     = {Reference genomes guide our interpretation of DNA sequence data. However, conventional linear references represent only one version of each locus, ignoring variation in the population. Poor representation of an individual's genome sequence impacts read mapping and introduces bias. Variation graphs are bidirected DNA sequence graphs that compactly represent genetic variation across a population, including large-scale structural variation such as inversions and duplications. Previous graph genome software implementations have been limited by scalability or topological constraints. Here we present vg, a toolkit of computational methods for creating, manipulating, and using these structures as references at the scale of the human genome. vg provides an efficient approach to mapping reads onto arbitrary variation graphs using generalized compressed suffix arrays, with improved accuracy over alignment to a linear reference, and effectively removing reference bias. These capabilities make using variation graphs as references for DNA sequencing practical at a gigabase scale, or at the topological complexity of de novo assemblies.},
}

@article{cpang2018,
  title={Computational pan-genomics: status, promises and challenges},
  author={Computational pan-genomics consortium},
  journal={Briefings in Bioinformatics},
  volume={19},
  number={1},
  pages={118--135},
  year={2018},
  publisher={Oxford University Press}
}

@article{Bergant:2018,
  title={Comprehensive use of extended exome analysis improves diagnostic yield in rare disease: a retrospective survey in 1,059 cases},
  volume={20},
  ISSN={1098-3600},
  url={http://dx.doi.org/10.1038/gim.2017.142},
  DOI={10.1038/gim.2017.142},
  number={3},
  journal={Genetics in Medicine},
  publisher={Elsevier BV},
  author={Bergant, Gaber and Maver, Ales and Lovrecic, Luca and ƒåuturilo, Goran and Hodzic, Alenka and Peterlin, Borut},
  year={2018},
  month={Mar},
  pages={303‚Äì312}
}

@article{Paten:2018,
  keywords     = {},
  pmid         = {29461862},
  pmcid        = {6067107},
  author       = {Paten, B. and Eizenga, J. M. and Rosen, Y. M. and Novak, A. M. and Garrison, E. and Hickey, G.},
  title        = {{Superbubbles, Ultrabubbles, and Cacti}},
  journal      = {Journal of Computational Biology},
  year         = {2018},
  month=JUL,
  volume       = {25},
  number       = {7},
  pages        = {649-663},
  doi          = {10.1089/cmb.2017.0251},
  url          = {http://www.ncbi.nlm.nih.gov/pubmed/29461862},
  abstract     = {A superbubble is a type of directed acyclic subgraph with single distinct source and sink vertices. In genome assembly and genetics, the possible paths through a superbubble can be considered to represent the set of possible sequences at a location in a genome. Bidirected and biedged graphs are a generalization of digraphs that are increasingly being used to more fully represent genome assembly and variation problems. In this study, we define snarls and ultrabubbles, generalizations of superbubbles for bidirected and biedged graphs, and give an efficient algorithm for the detection of these more general structures. Key to this algorithm is the cactus graph, which, we show, encodes the nested decomposition of a graph into snarls and ultrabubbles within its structure. We propose and demonstrate empirically that this decomposition on bidirected and biedged graphs solves a fundamental problem by defining genetic sites for any collection of genomic variations, including complex structural variations, without need for any single reference genome coordinate system. Further, the nesting of the decomposition gives a natural way to describe and model variations contained within large variations, a case not currently dealt with by existing formats [e.g., variant cell format (VCF)].},
}

@article{Hickey:2020,
  keywords     = {},
  pmid         = {32051000},
  pmcid        = {7017486},
  author       = {Hickey, G. and Heller, D. and Monlong, J. and Sibbesen, J. A. and Siren, J. and Eizenga, J. and Dawson, E. T. and Garrison, E. and Novak, A. M. and Paten, B.},
  title        = {{Genotyping Structural Variants in Pangenome Graphs Using the vg Toolkit}},
  journal      = {Genome Biology},
  year         = {2020},
  month=FEB,
  volume       = {21},
  number       = {1},
  pages        = {35},
  doi          = {10.1186/s13059-020-1941-7},
  url          = {http://www.ncbi.nlm.nih.gov/pubmed/32051000},
  abstract     = {Structural variants (SVs) remain challenging to represent and study relative to point mutations despite their demonstrated importance. We show that variation graphs, as implemented in the vg toolkit, provide an effective means for leveraging SV catalogs for short-read SV genotyping experiments. We benchmark vg against state-of-the-art SV genotypers using three sequence-resolved SV catalogs generated by recent long-read sequencing studies. In addition, we use assemblies from 12 yeast strains to show that graphs constructed directly from aligned de novo assemblies improve genotyping compared to graphs built from intermediate SV catalogs in the VCF format.},
}

@article{Nagasaki:2019,
  keywords     = {},
  pmid         = {31231536},
  pmcid        = {6555796},
  author       = {Nagasaki, M. and Kuroki, Y. and Shibata, T. F. and Katsuoka, F. and Mimori, T. and Kawai, Y. and Minegishi, N. and Hozawa, A. and Kuriyama, S. and Suzuki, Y. and Kawame, H. and Nagami, F. and Takai-Igarashi, T. and Ogishima, S. and Kojima, K. and Misawa, K. and Tanabe, O. and Fuse, N. and Tanaka, H. and Yaegashi, N. and Kinoshita, K. and Kure, S. and Yasuda, J. and Yamamoto, M.},
  title        = {{Construction of JRG (Japanese Reference Genome) with Single-Molecule Real-Time Sequencing}},
  journal      = {Human Genome Variation},
  year         = {2019},
  month=JUN,
  volume       = {6},
  pages        = {27},
  doi          = {10.1038/s41439-019-0057-7},
  url          = {http://www.ncbi.nlm.nih.gov/pubmed/31231536},
  abstract     = {In recent genome analyses, population-specific reference panels have indicated important. However, reference panels based on short-read sequencing data do not sufficiently cover long insertions. Therefore, the nature of long insertions has not been well documented. Here, we assembled a Japanese genome using single-molecule real-time sequencing data and characterized insertions found in the assembled genome. We identified 3691 insertions ranging from 100 bps to ~10,000 bps in the assembled genome relative to the international reference sequence (GRCh38). To validate and characterize these insertions, we mapped short-reads from 1070 Japanese individuals and 728 individuals from eight other populations to insertions integrated into GRCh38. With this result, we constructed JRGv1 (Japanese Reference Genome version 1) by integrating the 903 verified insertions, totaling 1,086,173 bases, shared by at least two Japanese individuals into GRCh38. We also constructed decoyJRGv1 by concatenating 3559 verified insertions, totaling 2,536,870 bases, shared by at least two Japanese individuals or by six other assemblies. This assembly improved the alignment ratio by 0.4\% on average. These results demonstrate the importance of refining the reference assembly and creating a population-specific reference genome. JRGv1 and decoyJRGv1 are available at the JRG website.},
}

@article{Choudhury:2020,
  keywords     = {},
  pmid         = {33116287},
  pmcid        = {7759466},
  author       = {Choudhury, A. and Aron, S. and Botigue, L. R. and Sengupta, D. and Botha, G. and Bensellak, T. and Wells, G. and Kumuthini, J. and Shriner, D. and Fakim, Y. J. and Ghoorah, A. W. and Dareng, E. and Odia, T. and Falola, O. and Adebiyi, E. and Hazelhurst, S. and Mazandu, G. and Nyangiri, O. A. and Mbiyavanga, M. and Benkahla, A. and Kassim, S. K. and Mulder, N. and Adebamowo, S. N. and Chimusa, E. R. and Muzny, D. and Metcalf, G. and Gibbs, R. A. and Rotimi, C. and Ramsay, M. and Adeyemo, A. A. and Lombard, Z. and Hanchard, N. A.},
  title        = {{High-Depth African Genomes Inform Human Migration and Health}},
  journal      = {Nature},
  year         = {2020},
  month=OCT,
  volume       = {586},
  number       = {7831},
  pages        = {741-748},
  doi          = {10.1038/s41586-020-2859-7},
  url          = {http://www.ncbi.nlm.nih.gov/pubmed/33116287},
  abstract     = {The African continent is regarded as the cradle of modern humans and African genomes contain more genetic variation than those from any other continent, yet only a fraction of the genetic diversity among African individuals has been surveyed(1). Here we performed whole-genome sequencing analyses of 426 individuals-comprising 50 ethnolinguistic groups, including previously unsampled populations-to explore the breadth of genomic diversity across Africa. We uncovered more than 3 million previously undescribed variants, most of which were found among individuals from newly sampled ethnolinguistic groups, as well as 62 previously unreported loci that are under strong selection, which were predominantly found in genes that are involved in viral immunity, DNA repair and metabolism. We observed complex patterns of ancestral admixture and putative-damaging and novel variation, both within and between populations, alongside evidence that Zambia was a likely intermediate site along the routes of expansion of Bantu-speaking populations. Pathogenic variants in genes that are currently characterized as medically relevant were uncommon-but in other genes, variants denoted as 'likely pathogenic' in the ClinVar database were commonly observed. Collectively, these findings refine our current understanding of continental migration, identify gene flow and the response to human disease as strong drivers of genome-level population variation, and underscore the scientific imperative for a broader characterization of the genomic diversity of African individuals to understand human ancestry and improve health.},
}

@article{Sherman:2019,
  keywords     = {},
  pmid         = {30455414},
  pmcid        = {6309586},
  author       = {Sherman, R. M. and Forman, J. and Antonescu, V. and Puiu, D. and Daya, M. and Rafaels, N. and Boorgula, M. P. and Chavan, S. and Vergara, C. and Ortega, V. E. and Levin, A. M. and Eng, C. and Yazdanbakhsh, M. and Wilson, J. G. and et. al},
  title        = {{Assembly of a Pan-Genome from Deep Sequencing of 910 Humans of African Descent}},
  journal      = {Nature Genetics},
  year         = {2019},
  month=JAN,
  volume       = {51},
  number       = {1},
  pages        = {30-35},
  doi          = {10.1038/s41588-018-0273-y},
  url          = {http://www.ncbi.nlm.nih.gov/pubmed/30455414},
  abstract     = {We used a deeply sequenced dataset of 910 individuals, all of African descent, to construct a set of DNA sequences that is present in these individuals but missing from the reference human genome. We aligned 1.19 trillion reads from the 910 individuals to the reference genome (GRCh38), collected all reads that failed to align, and assembled these reads into contiguous sequences (contigs). We then compared all contigs to one another to identify a set of unique sequences representing regions of the African pan-genome missing from the reference genome. Our analysis revealed 296,485,284 bp in 125,715 distinct contigs present in the populations of African descent, demonstrating that the African pan-genome contains ~10\% more DNA than the current human reference genome. Although the functional significance of nearly all of this sequence is unknown, 387 of the novel contigs fall within 315 distinct protein-coding genes, and the rest appear to be intergenic.},
}

@article{Sibbesen_2021,
  title={Haplotype-aware pantranscriptome analyses using spliced pangenome graphs},
  url={http://dx.doi.org/10.1101/2021.03.26.437240},
  DOI={10.1101/2021.03.26.437240},
  publisher={Cold Spring Harbor Laboratory},
  journal={BioRxiv},
  author={Sibbesen, Jonas A. and Eizenga, Jordan M. and Novak, Adam M. and Sir√©n, Jouni and Chang, Xian and Garrison, Erik and Paten, Benedict},
  year={2021},
  month={Mar}
}

@article{Vollger_2021,
  title={Segmental duplications and their variation in a complete human genome},
  url={http://dx.doi.org/10.1101/2021.05.26.445678},
  DOI={10.1101/2021.05.26.445678},
  publisher={Cold Spring Harbor Laboratory},
  journal={BioRxiv},
  author={Vollger, Mitchell R. and Guitart, Xavi and Dishuck, Philip C. and Mercuri, Ludovica and Harvey, William T. and Gershman, Ariel and Diekhans, Mark and Sulovari, Arvis and Munson, Katherine M. and Lewis, Alexandra M. and et al.},
  year={2021},
  month={May}
}

@article{Choo_1988,
  title={Homologous alpha satellite sequences on human acrocentric chromosomes with selectivity for chromosomes 13, 14 and 21: implications for recombination between nonhomologues and Robertsonian translocations},
  volume={16},
  ISSN={1362-4962},
  url={http://dx.doi.org/10.1093/nar/16.4.1273},
  DOI={10.1093/nar/16.4.1273},
  number={4},
  journal={Nucleic Acids Research},
  publisher={Oxford University Press (OUP)},
  author={Choo, K.H. and Vissel, B. and Brown, R. and Filby, R.G. and Earle, E.},
  year={1988},
  pages={1273‚Äì1284}
}

@article{Kovaleva_2003,
  title={Under-ascertainment of mosaic carriers of balanced homologous acrocentric translocations and isochromosomes},
  volume={121A},
  ISSN={1096-8628},
  url={http://dx.doi.org/10.1002/ajmg.a.20156},
  DOI={10.1002/ajmg.a.20156},
  number={2},
  journal={American Journal of Medical Genetics},
  publisher={Wiley},
  author={Kovaleva, Natalia V. and Shaffer, Lisa G.},
  year={2003},
  month={Aug},
  pages={180‚Äì187}
}

@article{Halko_2011,
  title={Finding Structure with Randomness: Probabilistic Algorithms for Constructing Approximate Matrix Decompositions},
  volume={53},
  ISSN={1095-7200},
  url={http://dx.doi.org/10.1137/090771806},
  DOI={10.1137/090771806},
  number={2},
  journal={SIAM Review},
  publisher={Society for Industrial & Applied Mathematics (SIAM)},
  author={Halko, N. and Martinsson, P. G. and Tropp, J. A.},
  year={2011},
  month={Jan},
  pages={217‚Äì288}
}

@article{Manuweera_2019,
  title={Pangenome-Wide Association Studies with Frequented Regions},
  ISBN={9781450366663},
  url={http://dx.doi.org/10.1145/3307339.3343478},
  DOI={10.1145/3307339.3343478},
  journal={Proceedings of the 10th ACM International Conference on Bioinformatics, Computational Biology and Health Informatics},
  publisher={ACM},
  author={Manuweera, Buwani and Mudge, Joann and Kahanda, Indika and Mumey, Brendan and Ramaraj, Thiruvarangan and Cleary, Alan},
  year={2019},
  month={Sep}
}

@article{Chen_2010,
  title={Population differentiation as a test for selective sweeps},
  volume={20},
  ISSN={1088-9051},
  url={http://dx.doi.org/10.1101/gr.100545.109},
  DOI={10.1101/gr.100545.109},
  number={3},
  journal={Genome Research},
  publisher={Cold Spring Harbor Laboratory},
  author={Chen, H. and Patterson, N. and Reich, D.},
  year={2010},
  month={Jan},
  pages={393‚Äì402}
}

@article{Siren:2020_gbwt,
  keywords     = {},
  pmid         = {31406990},
  pmcid        = {7223266},
  author       = {Siren, J. and Garrison, E. and Novak, A. M. and Paten, B. and Durbin, R.},
  title        = {{Haplotype-aware graph indexes}},
  journal      = {Bioinformatics},
  year         = {2020},
  volume       = {36},
  number       = {2},
  pages        = {400-407},
  doi          = {10.1093/bioinformatics/btz575},
  url          = {http://www.ncbi.nlm.nih.gov/pubmed/31406990},
  abstract     = {MOTIVATION: The variation graph toolkit (VG) represents genetic variation as a graph. Although each path in the graph is a potential haplotype, most paths are non-biological, unlikely recombinations of true haplotypes. RESULTS: We augment the VG model with haplotype information to identify which paths are more likely to exist in nature. For this purpose, we develop a scalable implementation of the graph extension of the positional Burrows-Wheeler transform. We demonstrate the scalability of the new implementation by building a whole-genome index of the 5008 haplotypes of the 1000 Genomes Project, and an index of all 108 070 Trans-Omics for Precision Medicine Freeze 5 chromosome 17 haplotypes. We also develop an algorithm for simplifying variation graphs for k-mer indexing without losing any k-mers in the haplotypes. AVAILABILITY AND IMPLEMENTATION: Our software is available at https://github.com/vgteam/vg, https://github.com/jltsiren/gbwt and https://github.com/jltsiren/gcsa2. SUPPLEMENTARY INFORMATION: Supplementary data are available at Bioinformatics online.},
}

@article {Kadie:2019,
	author = {Kadie, Carl and Heckerman, David},
	title = {Ludicrous Speed Linear Mixed Models for Genome-Wide Association Studies},
	elocation-id = {154682},
	year = {2019},
	doi = {10.1101/154682},
	publisher = {Cold Spring Harbor Laboratory},
	abstract = {We have developed Ludicrous Speed Linear Mixed Models, a version of FaST-LMM optimized for the cloud. The approach can perform a genome-wide association analysis on a dataset of one million SNPs across one million individuals at a cost of about 868 CPU days with an elapsed time on the order of two weeks. A Python implementation is available at https://fastlmm.github.io/.Significance Identifying SNP-phenotype correlations using GWAS is difficult because effect sizes are so small for common, complex diseases. To address this issue, institutions are creating extremely large cohorts with sample sizes on the order of one million. Unfortunately, such cohorts are likely to contain confounding factors such as population structure and family/cryptic relatedness. The linear mixed model (LMM) can often correct for such confounding factors, but is too slow to use even with algebraic speedups known as FaST-LMM. We present a cloud implementation of FaST-LMM, called Ludicrous Speed LMM, that can process one million samples and one million test SNPs in a reasonable amount of time and at a reasonable cost.},
	URL = {https://www.biorxiv.org/content/early/2019/12/07/154682},
	eprint = {https://www.biorxiv.org/content/early/2019/12/07/154682.full.pdf},
	journal = {bioRxiv}
}

@article{Smith:1981,
  keywords     = {},
  pmid         = {7265238},
  author       = {Smith, T. F. and Waterman, M. S.},
  title        = {{Identification of Common Molecular Subsequences}},
  journal      = {Journal of Molecular Biology},
  year         = {1981},
  month=MAR,
  volume       = {147},
  number       = {1},
  pages        = {195-197},
  doi          = {10.1016/0022-2836(81)90087-5},
  url          = {http://www.ncbi.nlm.nih.gov/pubmed/7265238},
}

@article{Ahmad:2020,
  keywords     = {},
  pmid         = {33352976},
  pmcid        = {7767330},
  author       = {Ahmad, S. F. and Singchat, W. and Jehangir, M. and Suntronpong, A. and Panthum, T. and Malaivijitnond, S. and Srikulnath, K.},
  title        = {{Dark Matter of Primate Genomes: Satellite DNA Repeats and Their Evolutionary Dynamics}},
  journal      = {Cells},
  year         = {2020},
  month        = DEC,
  volume       = {9},
  number       = {12},
  doi          = {10.3390/cells9122714},
  url          = {http://www.ncbi.nlm.nih.gov/pubmed/33352976},
  abstract     = {A substantial portion of the primate genome is composed of non-coding regions, so-called "dark matter", which includes an abundance of tandemly repeated sequences called satellite DNA. Collectively known as the satellitome, this genomic component offers exciting evolutionary insights into aspects of primate genome biology that raise new questions and challenge existing paradigms. A complete human reference genome was recently reported with telomere-to-telomere human X chromosome assembly that resolved hundreds of dark regions, encompassing a 3.1 Mb centromeric satellite array that had not been identified previously. With the recent exponential increase in the availability of primate genomes, and the development of modern genomic and bioinformatics tools, extensive growth in our knowledge concerning the structure, function, and evolution of satellite elements is expected. The current state of knowledge on this topic is summarized, highlighting various types of primate-specific satellite repeats to compare their proportions across diverse lineages. Inter- and intraspecific variation of satellite repeats in the primate genome are reviewed. The functional significance of these sequences is discussed by describing how the transcriptional activity of satellite repeats can affect gene expression during different cellular processes. Sex-linked satellites are outlined, together with their respective genomic organization. Mechanisms are proposed whereby satellite repeats might have emerged as novel sequences during different evolutionary phases. Finally, the main challenges that hinder the detection of satellite DNA are outlined and an overview of the latest methodologies to address technological limitations is presented.},
}

@article{Miga:2020,
  keywords     = {},
  pmid         = {32663838},
  pmcid        = {7484160},
  author       = {Miga, K. H. and Koren, S. and Rhie, A. and Vollger, M. R. and Gershman, A. and Bzikadze, A. and Brooks, S. and Howe, E. and Porubsky, D. and Logsdon, G. A. and Schneider, V. A. and Potapova, T. and Wood, J. and Chow, W. and et al.},
  title        = {{Telomere-to-Telomere Assembly of a Complete Human X Chromosome}},
  journal      = {Nature},
  year         = {2020},
  month=SEP,
  volume       = {585},
  number       = {7823},
  pages        = {79-84},
  doi          = {10.1038/s41586-020-2547-7},
  url          = {http://www.ncbi.nlm.nih.gov/pubmed/32663838},
  abstract     = {After two decades of improvements, the current human reference genome (GRCh38) is the most accurate and complete vertebrate genome ever produced. However, no single chromosome has been finished end to end, and hundreds of unresolved gaps persist(1,2). Here we present a human genome assembly that surpasses the continuity of GRCh38(2), along with a gapless, telomere-to-telomere assembly of a human chromosome. This was enabled by high-coverage, ultra-long-read nanopore sequencing of the complete hydatidiform mole CHM13 genome, combined with complementary technologies for quality improvement and validation. Focusing our efforts on the human X chromosome(3), we reconstructed the centromeric satellite DNA array (approximately 3.1 Mb) and closed the 29 remaining gaps in the current reference, including new sequences from the human pseudoautosomal regions and from cancer-testis ampliconic gene families (CT-X and GAGE). These sequences will be integrated into future human reference genome releases. In addition, the complete chromosome X, combined with the ultra-long nanopore data, allowed us to map methylation patterns across complex tandem repeats and satellite arrays. Our results demonstrate that finishing the entire human genome is now within reach, and the data presented here will facilitate ongoing efforts to complete the other human chromosomes.},
}

@article{sambamba,
  keywords     = {},
  pmid         = {25697820},
  pmcid        = {4765878},
  author       = {Tarasov, A. and Vilella, A. J. and Cuppen, E. and Nijman, I. J. and Prins, P.},
  title        = {{Sambamba: Fast Processing of NGS Alignment Formats}},
  journal      = {Bioinformatics},
  year         = {2015},
  month=JUN,
  volume       = {31},
  number       = {12},
  pages        = {2032-2034},
  doi          = {10.1093/bioinformatics/btv098},
  url          = {http://www.ncbi.nlm.nih.gov/pubmed/25697820},
  abstract     = {UNLABELLED: Sambamba is a high-performance robust tool and library for working with SAM, BAM and CRAM sequence alignment files; the most common file formats for aligned next generation sequencing data. Sambamba is a faster alternative to samtools that exploits multi-core processing and dramatically reduces processing time. Sambamba is being adopted at sequencing centers, not only because of its speed, but also because of additional functionality, including coverage analysis and powerful filtering capability. AVAILABILITY AND IMPLEMENTATION: Sambamba is free and open source software, available under a GPLv2 license. Sambamba can be downloaded and installed from http://www.open-bio.org/wiki/Sambamba.Sambamba v0.5.0 was released with doi:10.5281/zenodo.13200.},
}

@article{niu2011hogwild,
  title={Hogwild!: A lock-free approach to parallelizing stochastic gradient descent},
  author={Niu, Feng and Recht, Benjamin and R{\'e}, Christopher and Wright, Stephen J},
  journal={arXiv preprint arXiv:1106.5730},
  year={2011}
}

@article{Poplin_2018,
  title={A universal SNP and small-indel variant caller using deep neural networks},
  volume={36},
  ISSN={1546-1696},
  url={http://dx.doi.org/10.1038/nbt.4235},
  DOI={10.1038/nbt.4235},
  number={10},
  journal={Nature Biotechnology},
  publisher={Springer Science and Business Media LLC},
  author={Poplin, Ryan and Chang, Pi-Chuan and Alexander, David and Schwartz, Scott and Colthurst, Thomas and Ku, Alexander and Newburger, Dan and Dijamco, Jojo and Nguyen, Nam and Afshar, Pegah T and et al.},
  year={2018},
  month={Sep},
  pages={983‚Äì987}
}

@article{Kojima_2020,
  title={A genotype imputation method for de-identified haplotype reference information by using recurrent neural network},
  volume={16},
  ISSN={1553-7358},
  url={http://dx.doi.org/10.1371/journal.pcbi.1008207},
  DOI={10.1371/journal.pcbi.1008207},
  number={10},
  journal={PLOS Computational Biology},
  publisher={Public Library of Science (PLoS)},
  author={Kojima, Kaname and Tadaka, Shu and Katsuoka, Fumiki and Tamiya, Gen and Yamamoto, Masayuki and Kinoshita, Kengo},
  year={2020},
  month={Oct},
  pages={e1008207}
}

@article{Chi_2021,
  title={HLA Allele Imputation with Multitask Deep Convolutional Neural Network},
  url={http://dx.doi.org/10.1101/2021.06.03.447012},
  DOI={10.1101/2021.06.03.447012},
  publisher={Cold Spring Harbor Laboratory},
  journal={BioRxiv},
  author={Chi, Calvin},
  year={2021},
  month={Jun}
}

@article{Kaminow_2020,
  title={Virtue as the mean: Pan-human consensus genome significantly improves the accuracy of RNA-seq analyses},
  url={http://dx.doi.org/10.1101/2020.12.22.423111},
  DOI={10.1101/2020.12.22.423111},
  publisher={Cold Spring Harbor Laboratory},
  journal={BioRxiv},
  author={Kaminow, Benjamin and Ballouz, Sara and Gillis, Jesse and Dobin, Alexander},
  year={2020},
  month={Dec}
}

@article{DNAgrowth,
  keywords     = {},
  pmid         = {29022931},
  author       = {Green, E. D. and Rubin, E. M. and Olson, M. V.},
  title        = {The Future of DNA Sequencing},
  journal      = {Nature},
  year         = {2017},
  month=OCT,
  volume       = {550},
  number       = {7675},
  pages        = {179-181},
  doi          = {10.1038/550179a},
  url          = {http://www.ncbi.nlm.nih.gov/pubmed/29022931},
}

@article{HEGP,
  keywords     = {},
  pmid         = {32327562},
  pmcid        = {7268998},
  author       = {Mott, R. and Fischer, C. and Prins, P. and Davies, R. W.},
  title        = {{Private Genomes and Public SNPs: Homomorphic Encryption of Genotypes and Phenotypes for Shared Quantitative Genetics}},
  journal      = {Genetics},
  year         = {2020},
  month=JUN,
  volume       = {215},
  number       = {2},
  pages        = {359-372},
  doi          = {10.1534/genetics.120.303153},
  url          = {http://www.ncbi.nlm.nih.gov/pubmed/32327562},
  abstract     = {Sharing human genotype and phenotype data is essential to discover otherwise inaccessible genetic associations, but is a challenge because of privacy concerns. Here, we present a method of homomorphic encryption that obscures individuals' genotypes and phenotypes, and is suited to quantitative genetic association analysis. Encrypted ciphertext and unencrypted plaintext are analytically interchangeable. The encryption uses a high-dimensional random linear orthogonal transformation key that leaves the likelihood of quantitative trait data unchanged under a linear model with normally distributed errors. It also preserves linkage disequilibrium between genetic variants and associations between variants and phenotypes. It scrambles relationships between individuals: encrypted genotype dosages closely resemble Gaussian deviates, and can be replaced by quantiles from a Gaussian with negligible effects on accuracy. Likelihood-based inferences are unaffected by orthogonal encryption. These include linear mixed models to control for unequal relatedness between individuals, heritability estimation, and including covariates when testing association. Orthogonal transformations can be applied in a modular fashion for multiparty federated mega-analyses where the parties first agree to share a common set of genotype sites and covariates prior to encryption. Each then privately encrypts and shares their own ciphertext, and analyses all parties' ciphertexts. In the absence of private variants, or knowledge of the key, we show that it is infeasible to decrypt ciphertext using existing brute-force or noise-reduction attacks. We present the method as a challenge to the community to determine its security.},
}

@article{Li:2020,
  keywords     = {},
  pmid         = {33066802},
  pmcid        = {7568353},
  author       = {Li, H. and Feng, X. and Chu, C.},
  title        = {{The Design and Construction of Reference Pangenome Graphs with Minigraph}},
  journal      = {Genome Biology},
  year         = {2020},
  month=OCT,
  volume       = {21},
  number       = {1},
  pages        = {265},
  doi          = {10.1186/s13059-020-02168-z},
  url          = {http://www.ncbi.nlm.nih.gov/pubmed/33066802},
  abstract     = {The recent advances in sequencing technologies enable the assembly of individual genomes to the quality of the reference genome. How to integrate multiple genomes from the same species and make the integrated representation accessible to biologists remains an open challenge. Here, we propose a graph-based data model and associated formats to represent multiple genomes while preserving the coordinate of the linear reference genome. We implement our ideas in the minigraph toolkit and demonstrate that we can efficiently construct a pangenome graph and compactly encode tens of thousands of structural variants missing from the current reference genome.},
}

@article{Grytten_2020,
  title={Assessing graph-based read mappers against a baseline approach highlights strengths and weaknesses of current methods},
  volume={21},
  ISSN={1471-2164},
  url={http://dx.doi.org/10.1186/s12864-020-6685-y},
  DOI={10.1186/s12864-020-6685-y},
  number={1},
  journal={BMC Genomics},
  publisher={Springer Science and Business Media LLC},
  author={Grytten, Ivar and Rand, Knut D. and Nederbragt, Alexander J. and Sandve, Geir K.},
  year={2020},
  month={Apr}
}

@article{siren_2021_giraffe,
  title={Pangenomics enables genotyping of known structural variants in 5202 diverse genomes},
  volume={374},
  ISSN={1095-9203},
  url={http://dx.doi.org/10.1126/science.abg8871},
  DOI={10.1126/science.abg8871},
  number={6574},
  journal={Science},
  publisher={American Association for the Advancement of Science (AAAS)},
  author={Sir√©n, Jouni and Monlong, Jean and Chang, Xian and Novak, Adam M. and Eizenga, Jordan M. and Markello, Charles and Sibbesen, Jonas A. and Hickey, Glenn and Chang, Pi-Chuan and Carroll, Andrew and et al.},
  year={2021},
  month={Dec}
}

@article{Grytten_2021,
  title={KAGE: Fast alignment-free graph-based genotyping of SNPs and short indels},
  url={http://dx.doi.org/10.1101/2021.12.03.471074},
  DOI={10.1101/2021.12.03.471074},
  publisher={Cold Spring Harbor Laboratory},
  author={Grytten, Ivar and Rand, Knut D. and Sandve, Geir K.},
  year={2021},
  month={Dec}
}

@article{Eggertsson_2017,
  title={Graphtyper enables population-scale genotyping using pangenome graphs},
  volume={49},
  ISSN={1546-1718},
  url={http://dx.doi.org/10.1038/ng.3964},
  DOI={10.1038/ng.3964},
  number={11},
  journal={Nature Genetics},
  publisher={Springer Science and Business Media LLC},
  author={Eggertsson, Hannes P and Jonsson, Hakon and Kristmundsdottir, Snaedis and Hjartarson, Eirikur and Kehr, Birte and Masson, Gisli and Zink, Florian and Hjorleifsson, Kristjan E and Jonasdottir, Aslaug and Jonasdottir, Adalbjorg and et al.},
  year={2017},
  month={Sep},
  pages={1654‚Äì1660}
}

@article{Kojima:2020,
  keywords     = {},
  pmid         = {33001993},
  pmcid        = {7529210},
  author       = {Kojima, K. and Tadaka, S. and Katsuoka, F. and Tamiya, G. and Yamamoto, M. and Kinoshita, K.},
  title        = {{A Genotype Imputation Method for De-Identified Haplotype Reference Information by Using Recurrent Neural Network}},
  journal      = {PLOS Computational Biology},
  year         = {2020},
  month=OCT,
  volume       = {16},
  number       = {10},
  pages        = {e1008207},
  doi          = {10.1371/journal.pcbi.1008207},
  url          = {http://www.ncbi.nlm.nih.gov/pubmed/33001993},
  abstract     = {Genotype imputation estimates the genotypes of unobserved variants using the genotype data of other observed variants based on a collection of haplotypes for thousands of individuals, which is known as a haplotype reference panel. In general, more accurate imputation results were obtained using a larger size of haplotype reference panel. Most of the existing genotype imputation methods explicitly require the haplotype reference panel in precise form, but the accessibility of haplotype data is often limited, due to the requirement of agreements from the donors. Since de-identified information such as summary statistics or model parameters can be used publicly, imputation methods using de-identified haplotype reference information might be useful to enhance the quality of imputation results under the condition where the access of the haplotype data is limited. In this study, we proposed a novel imputation method that handles the reference panel as its model parameters by using bidirectional recurrent neural network (RNN). The model parameters are presented in the form of de-identified information from which the restoration of the genotype data at the individual-level is almost impossible. We demonstrated that the proposed method provides comparable imputation accuracy when compared with the existing imputation methods using haplotype datasets from the 1000 Genomes Project (1KGP) and the Haplotype Reference Consortium. We also considered a scenario where a subset of haplotypes is made available only in de-identified form for the haplotype reference panel. In the evaluation using the 1KGP dataset under the scenario, the imputation accuracy of the proposed method is much higher than that of the existing imputation methods. We therefore conclude that our RNN-based method is quite promising to further promote the data-sharing of sensitive genome data under the recent movement for the protection of individuals' privacy.},
}


@ARTICLE{Genome_Analysis_IEEE_Micro_2020,
  author={M. {Alser} and Z. {Bing√∂l} and D. S. {Cali} and J. {Kim} and S. {Ghose} and C. {Alkan} and O. {Mutlu}},
  journal={IEEE Micro},
  title={Accelerating Genome Analysis: A Primer on an Ongoing Journey},
  year={2020},
  month={Sep/Oct},
  volume={40},
  number={5},
  pages={65-75},
  doi={10.1109/MM.2020.3013728}}

@article{GATK,
  keywords     = {},
  pmid         = {20644199},
  pmcid        = {2928508},
  author       = {McKenna, A. and Hanna, M. and Banks, E. and Sivachenko, A. and Cibulskis, K. and Kernytsky, A. and Garimella, K. and Altshuler, D. and Gabriel, S. and Daly, M. and DePristo, M. A.},
  title        = {{The Genome Analysis Toolkit: a MapReduce framework for analyzing next-generation DNA sequencing data}},
  journal      = {Genome Res},
  year         = {2010},
  volume       = {20},
  number       = {9},
  pages        = {1297-1303},
  doi          = {10.1101/gr.107524.110},
  url          = {http://www.ncbi.nlm.nih.gov/pubmed/20644199},
  abstract     = {Next-generation DNA sequencing (NGS) projects, such as the 1000 Genomes Project, are already revolutionizing our understanding of genetic variation among individuals. However, the massive data sets generated by NGS--the 1000 Genome pilot alone includes nearly five terabases--make writing feature-rich, efficient, and robust analysis tools difficult for even computationally sophisticated individuals. Indeed, many professionals are limited in the scope and the ease with which they can answer scientific questions by the complexity of accessing and manipulating the data produced by these machines. Here, we discuss our Genome Analysis Toolkit (GATK), a structured programming framework designed to ease the development of efficient and robust analysis tools for next-generation DNA sequencers using the functional programming philosophy of MapReduce. The GATK provides a small but rich set of data access patterns that encompass the majority of analysis tool needs. Separating specific analysis calculations from common data management infrastructure enables us to optimize the GATK framework for correctness, stability, and CPU and memory efficiency and to enable distributed and shared memory parallelization. We highlight the capabilities of the GATK by describing the implementation and application of robust, scale-tolerant tools like coverage calculators and single nucleotide polymorphism (SNP) calling. We conclude that the GATK programming framework enables developers and analysts to quickly and easily write efficient and robust NGS tools, many of which have already been incorporated into large-scale sequencing projects like the 1000 Genomes Project and The Cancer Genome Atlas.},
}

@article{Wilkinson:2016,
  title = {The {FAIR} Guiding Principles for scientific data management and stewardship},
  volume = {3},
  rights = {2016 Nature Publishing Group},
  issn = {2052-4463},
  url = {https://www.nature.com/articles/sdata201618},
  doi = {10.1038/sdata.2016.18},
  abstract = {There is an urgent need to improve the infrastructure supporting the reuse of scholarly data.
 A diverse set of stakeholders‚Äîrepresenting academia, industry, funding agencies, and scholarly publishers‚Äî
have come together to design and jointly endorse a concise and measureable set of principles that we refer
to as the {FAIR} Data Principles. The intent is that these may act as a guideline for those wishing to enha
nce the reusability of their data holdings. Distinct from peer initiatives that focus on the human scholar,
 the {FAIR} Principles put specific emphasis on enhancing the ability of machines to automatically find and
 use the data, in addition to supporting its reuse by individuals. This Comment is the first formal publica
tion of the {FAIR} Principles, and includes the rationale behind them, and some exemplar implementations in
 the community.},
  pages = {160018},
  journaltitle = {Scientific Data},
  author = {Wilkinson, Mark D. and Dumontier, Michel and Aalbersberg, {IJsbrand} Jan and Appleton, Gabriell e and Axton, Myles and Baak, Arie and Blomberg, Niklas and Boiten, Jan-Willem and da Silva Santos, Luiz Bon ino and Bourne, Philip E. and Bouwman, Jildau and Brookes, Anthony J. and Clark, Tim and Crosas, Merc√® and Dillo, Ingrid and Dumon, Olivier and Edmunds, Scott and Evelo, Chris T. and Finkers, Richard and Gonzalez-B eltran, Alejandra and Gray, Alasdair J. G. and Groth, Paul and Goble, Carole and Grethe, Jeffrey S. and Her inga, Jaap and ‚Äôt Hoen, Peter A. C. and Hooft, Rob and Kuhn, Tobias and Kok, Ruben and Kok, Joost and Lushe r, Scott J. and Martone, Maryann E. and Mons, Albert and Packer, Abel L. and Persson, Bengt and Rocca-Serra , Philippe and Roos, Marco and van Schaik, Rene and Sansone, Susanna-Assunta and Schultes, Erik and Sengsta g, Thierry and Slater, Ted and Strawn, George and Swertz, Morris A. and Thompson, Mark and van der Lei, Joh an and van Mulligen, Erik and Velterop, Jan and Waagmeester, Andra and Wittenburg, Peter and Wolstencroft, Katherine and Zhao, Jun and Mons, Barend},
  urldate = {2019-07-30},
  date = {2016-03-15},
  langid = {english},
  file = {Full Text PDF:/home/swz/Zotero/storage/W9PQ7K75/Wilkinson et al. - 2016 - The FAIR Guiding Princi
ples for scientific data ma.pdf:application/pdf;Snapshot:/home/swz/Zotero/storage/DH7A9AS9/sdata201618.html
:text/html}
}

@book{Pearl:2018,
author = {Pearl, Judea and Mackenzie, Dana},
title = {The Book of Why: The New Science of Cause and Effect},
year = {2018},
isbn = {046509760X},
publisher = {Basic Books, Inc.},
address = {USA},
edition = {1st},
abstract = {A Turing Award-winning computer scientist and statistician shows how understanding causality has revolutionized science and will revolutionize artificial intelligence"Correlation is not causation." This mantra, chanted by scientists for more than a century, has led to a virtual prohibition on causal talk. Today, that taboo is dead. The causal revolution, instigated by Judea Pearl and his colleagues, has cut through a century of confusion and established causality--the study of cause and effect--on a firm scientific basis. His work explains how we can know easy things, like whether it was rain or a sprinkler that made a sidewalk wet; and how to answer hard questions, like whether a drug cured an illness. Pearl's work enables us to know not just whether one thing causes another: it lets us explore the world that is and the worlds that could have been. It shows us the essence of human thought and key to artificial intelligence. Anyone who wants to understand either needs The Book of Why.}
}

@article{Williams:1994,
  keywords     = {},
  pmid         = {8043953},
  author       = {Williams, R. W.},
  title        = {{The Portable Dictionary of the Mouse Genome: a personal database for gene mapping and molecular biology}},
  journal      = {Mamm Genome},
  year         = {1994},
  volume       = {5},
  number       = {6},
  pages        = {372-375},
  doi          = {10.1007/BF00356557},
  url          = {http://www.ncbi.nlm.nih.gov/pubmed/8043953},
  abstract     = {The Portable Dictionary of the Mouse Genome is a database for personal computers that contains information on approximately 10,000 loci in the mouse, along with data on homologs in several other mammalian species, including human, rat, cat, cow, and pig. Key features of the dictionary are its compact size, its network independence, and the ability to convert the entire dictionary to a wide variety of common application programs. Another significant feature is the integration of DNA sequence accession data. Loci in the dictionary can be rapidly resorted by chromosomal position, by type, by human homology, or by gene effect. The dictionary provides an accessible, easily manipulated set of data that has many uses--from a quick review of loci and gene nomenclature to the design of experiments and analysis of results. The Portable Dictionary is available in several formats suitable for conversion to different programs and computer systems. It can be obtained on disk or from Internet Gopher servers (mickey.utmen.edu or anat4.utmen.edu), an anonymous FTP site (nb.utmem.edu in the directory pub/genedict), and a World Wide Web server (http://mickey.utmem.edu/front.html).},
}

@article{Mckenna:2010,
  keywords     = {},
  pmid         = {20644199},
  pmcid        = {2928508},
  author       = {McKenna, A. and Hanna, M. and Banks, E. and Sivachenko, A. and Cibulskis, K. and Kernytsky, A. and Garimella, K. and Altshuler, D. and Gabriel, S. and Daly, M. and DePristo, M. A.},
  title        = {{The Genome Analysis Toolkit: a MapReduce framework for analyzing next-generation DNA sequencing data}},
  journal      = {Genome Res},
  year         = {2010},
  volume       = {20},
  number       = {9},
  pages        = {1297-1303},
  doi          = {10.1101/gr.107524.110},
  url          = {http://www.ncbi.nlm.nih.gov/pubmed/20644199},
  abstract     = {Next-generation DNA sequencing (NGS) projects, such as the 1000 Genomes Project, are already revolutionizing our understanding of genetic variation among individuals. However, the massive data sets generated by NGS--the 1000 Genome pilot alone includes nearly five terabases--make writing feature-rich, efficient, and robust analysis tools difficult for even computationally sophisticated individuals. Indeed, many professionals are limited in the scope and the ease with which they can answer scientific questions by the complexity of accessing and manipulating the data produced by these machines. Here, we discuss our Genome Analysis Toolkit (GATK), a structured programming framework designed to ease the development of efficient and robust analysis tools for next-generation DNA sequencers using the functional programming philosophy of MapReduce. The GATK provides a small but rich set of data access patterns that encompass the majority of analysis tool needs. Separating specific analysis calculations from common data management infrastructure enables us to optimize the GATK framework for correctness, stability, and CPU and memory efficiency and to enable distributed and shared memory parallelization. We highlight the capabilities of the GATK by describing the implementation and application of robust, scale-tolerant tools like coverage calculators and single nucleotide polymorphism (SNP) calling. We conclude that the GATK programming framework enables developers and analysts to quickly and easily write efficient and robust NGS tools, many of which have already been incorporated into large-scale sequencing projects like the 1000 Genomes Project and The Cancer Genome Atlas.},
}

@article{Needleman_1970,
  title={A general method applicable to the search for similarities in the amino acid sequence of two proteins},
  volume={48},
  ISSN={0022-2836},
  url={http://dx.doi.org/10.1016/0022-2836(70)90057-4},
  DOI={10.1016/0022-2836(70)90057-4},
  number={3},
  journal={Journal of Molecular Biology},
  publisher={Elsevier BV},
  author={Needleman, Saul B. and Wunsch, Christian D.},
  year={1970},
  month={Mar},
  pages={443-453}
}

@article{Collins:2014,
  author       = {Collins, F. S. and Tabak, L. A.},
  title        = {{Policy: NIH plans to enhance reproducibility}},
  journal      = {Nature},
  year         = {2014},
  volume       = {505},
  number       = {7485},
  pages        = {612-613},
  doi          = {10.1038/505612a},
  url          = {http://www.ncbi.nlm.nih.gov/pubmed/24482835},

}


@article{Anderson:2021,
  keywords     = {},
  pmid         = {33472826},
  pmcid        = {7880282},
  author       = {Anderson, K. R. and Harris, J. A. and Ng, L. and Prins, P. and Memar, S. and Ljungquist, B. and Furth, D. and Williams, R. W. and Ascoli, G. A. and Dumitriu, D.},
  title        = {{Highlights from the Era of Open Source Web-Based Tools}},
  journal      = {J Neurosci},
  year         = {2021},
  volume       = {41},
  number       = {5},
  pages        = {927-936},
  doi          = {10.1523/JNEUROSCI.1657-20.2020},
  url          = {http://www.ncbi.nlm.nih.gov/pubmed/33472826},
  abstract     = {High digital connectivity and a focus on reproducibility are contributing to an open science revolution in neuroscience. Repositories and platforms have emerged across the whole spectrum of subdisciplines, paving the way for a paradigm shift in the way we share, analyze, and reuse vast amounts of data collected across many laboratories. Here, we describe how open access web-based tools are changing the landscape and culture of neuroscience, highlighting six free resources that span subdisciplines from behavior to whole-brain mapping, circuits, neurons, and gene variants.},
}

@article{marques-bonet_burst_2009,
	title = {A burst of segmental duplications in the genome of the {African} great ape ancestor},
	volume = {457},
	copyright = {2009 Macmillan Publishers Limited. All rights reserved},
	issn = {1476-4687},
	url = {https://www.nature.com/articles/nature07744},
	doi = {10.1038/nature07744},
	abstract = {A comparative segmental duplication map of four primate genomes that allows the evolutionary history of all human segmental duplications to be reconstructed is presented. It reveals a fourfold acceleration of segmental duplication accumulation during the speciation of human, chimpanzee and gorilla at a time when other mutational processes were slowing, and also provides a detailed evolutionary history of all human segmental duplications as a resource to the human genetics community.},
	language = {en},
	number = {7231},
	urldate = {2019-09-11},
	journal = {Nature},
	author = {Marques-Bonet, Tomas and Kidd, Jeffrey M. and Ventura, Mario and Graves, Tina A. and Cheng, Ze and Hillier, LaDeana W. and Jiang, Zhaoshi and Baker, Carl and Malfavon-Borja, Ray and Fulton, Lucinda A. and Alkan, Can and Aksay, Gozde and Girirajan, Santhosh and Siswara, Priscillia and Chen, Lin and Cardone, Maria Francesca and Navarro, Arcadi and Mardis, Elaine R. and Wilson, Richard K. and Eichler, Evan E.},
	month = feb,
	year = {2009},
	pages = {877--881},
	file = {Full Text PDF:/Users/petersudmant/Zotero/storage/V4HUUNG6/Marques-Bonet et al. - 2009 - A burst of segmental duplications in the genome of.pdf:application/pdf;Snapshot:/Users/petersudmant/Zotero/storage/E49N98MT/nature07744.html:text/html}
}

@article{fitch1971toward,
  title={Toward defining the course of evolution: minimum change for a specific tree topology},
  author={Fitch, Walter M},
  journal={Systematic Biology},
  volume={20},
  number={4},
  pages={406--416},
  year={1971},
  publisher={Society of Systematic Zoology}
}

@incollection{witkin1987scale,
  title={Scale-space filtering},
  author={Witkin, Andrew P},
  booktitle={Readings in Computer Vision},
  pages={329--332},
  year={1987},
  publisher={Elsevier}
}

@article{Lee_2002,
  title={Multiple sequence alignment using partial order graphs},
  volume={18},
  ISSN={1460-2059},
  url={http://dx.doi.org/10.1093/bioinformatics/18.3.452},
  DOI={10.1093/bioinformatics/18.3.452},
  number={3},
  journal={Bioinformatics},
  publisher={Oxford University Press (OUP)},
  author={Lee, C. and Grasso, C. and Sharlow, M. F.},
  year={2002},
  month={Mar},
  pages={452‚Äì464}
}

@article{Grasso_2004,
  title={Combining partial order alignment and progressive multiple sequence alignment increases alignment speed and scalability to very large alignment problems},
  volume={20},
  ISSN={1460-2059},
  url={http://dx.doi.org/10.1093/bioinformatics/bth126},
  DOI={10.1093/bioinformatics/bth126},
  number={10},
  journal={Bioinformatics},
  publisher={Oxford University Press (OUP)},
  author={Grasso, C. and Lee, C.},
  year={2004},
  month={Feb},
  pages={1546‚Äì1556}
}

@article{Ma_2006,
  title={Reconstructing contiguous regions of an ancestral genome},
  volume={16},
  ISSN={1088-9051},
  url={http://dx.doi.org/10.1101/gr.5383506},
  DOI={10.1101/gr.5383506},
  number={12},
  journal={Genome Research},
  publisher={Cold Spring Harbor Laboratory},
  author={Ma, J. and Zhang, L. and Suh, B. B. and Raney, B. J. and Burhans, R. C. and Kent, W. J. and Blanchette, M. and Haussler, D. and Miller, W.},
  year={2006},
  month={Oct},
  pages={1557‚Äì1565}
}

@article{Mar_ais_2017,
  title={Improving the performance of minimizers and winnowing schemes},
  volume={33},
  ISSN={1460-2059},
  url={http://dx.doi.org/10.1093/bioinformatics/btx235},
  DOI={10.1093/bioinformatics/btx235},
  number={14},
  journal={Bioinformatics},
  publisher={Oxford University Press (OUP)},
  author={Mar√ßais, Guillaume and Pellow, David and Bork, Daniel and Orenstein, Yaron and Shamir, Ron and Kingsford, Carl},
  year={2017},
  month={Jul},
  pages={i110‚Äìi117}
}

@article{Mar_ais_2018,
  title={MUMmer4: A fast and versatile genome alignment system},
  volume={14},
  ISSN={1553-7358},
  url={http://dx.doi.org/10.1371/journal.pcbi.1005944},
  DOI={10.1371/journal.pcbi.1005944},
  number={1},
  journal={PLOS Computational Biology},
  publisher={Public Library of Science (PLoS)},
  author={Mar√ßais, Guillaume and Delcher, Arthur L. and Phillippy, Adam M. and Coston, Rachel and Salzberg, Steven L. and Zimin, Aleksey},
  year={2018},
  month={Jan},
  pages={e1005944}
}

@article{Altschul_1997,
  title={Gapped BLAST and PSI-BLAST: a new generation of protein database search programs},
  volume={25},
  ISSN={1362-4962},
  url={http://dx.doi.org/10.1093/nar/25.17.3389},
  DOI={10.1093/nar/25.17.3389},
  number={17},
  journal={Nucleic Acids Research},
  publisher={Oxford University Press (OUP)},
  author={Altschul, S.},
  year={1997},
  month={Sep},
  pages={3389‚Äì3402}
}

@article{Marco_Sola_2020,
  title={Fast gap-affine pairwise alignment using the wavefront algorithm},
  ISSN={1460-2059},
  url={http://dx.doi.org/10.1093/bioinformatics/btaa777},
  DOI={10.1093/bioinformatics/btaa777},
  journal={Bioinformatics},
  publisher={Oxford University Press (OUP)},
  author={Marco-Sola, Santiago and Moure, Juan Carlos and Moreto, Miquel and Espinosa, Antonio},
  year={2020},
  month={Sep}
}

@article{Blondel_2008,
  title={Fast unfolding of communities in large networks},
  volume={2008},
  ISSN={1742-5468},
  url={http://dx.doi.org/10.1088/1742-5468/2008/10/P10008},
  DOI={10.1088/1742-5468/2008/10/p10008},
  number={10},
  journal={Journal of Statistical Mechanics: Theory and Experiment},
  publisher={IOP Publishing},
  author={Blondel, Vincent D and Guillaume, Jean-Loup and Lambiotte, Renaud and Lefebvre, Etienne},
  year={2008},
  month={Oct},
  pages={P10008}
}

@article{Veerappa_2013,
  title={Copy number variation-based polymorphism in a new pseudoautosomal region 3 (PAR3) of a human X-chromosome-transposed region (XTR) in the Y chromosome},
  volume={13},
  ISSN={1438-7948},
  url={http://dx.doi.org/10.1007/s10142-013-0323-6},
  DOI={10.1007/s10142-013-0323-6},
  number={3},
  journal={Functional and Integrative Genomics},
  publisher={Springer Science and Business Media LLC},
  author={Veerappa, Avinash M. and Padakannaya, Prakash and Ramachandra, Nallur B.},
  year={2013},
  month={May},
  pages={285‚Äì293}
}

@article{Gotoh_1982,
  title={An improved algorithm for matching biological sequences},
  volume={162},
  ISSN={0022-2836},
  url={http://dx.doi.org/10.1016/0022-2836(82)90398-9},
  DOI={10.1016/0022-2836(82)90398-9},
  number={3},
  journal={Journal of Molecular Biology},
  publisher={Elsevier BV},
  author={Gotoh, Osamu},
  year={1982},
  month={Dec},
  pages={705‚Äì708}
}

@article{Ondov_2016,
  title={Mash: fast genome and metagenome distance estimation using MinHash},
  volume={17},
  ISSN={1474-760X},
  url={http://dx.doi.org/10.1186/s13059-016-0997-x},
  DOI={10.1186/s13059-016-0997-x},
  number={1},
  journal={Genome Biology},
  publisher={Springer Science and Business Media LLC},
  author={Ondov, Brian D. and Treangen, Todd J. and Melsted, P√°ll and Mallonee, Adam B. and Bergman, Nicholas H. and Koren, Sergey and Phillippy, Adam M.},
  year={2016},
  month={Jun}
}

@article{Mallik_2020,
  title={ALeS: adaptive-length spaced-seed design},
  volume={37},
  ISSN={1460-2059},
  url={http://dx.doi.org/10.1093/bioinformatics/btaa945},
  DOI={10.1093/bioinformatics/btaa945},
  number={9},
  journal={Bioinformatics},
  publisher={Oxford University Press (OUP)},
  author={Mallik, Arnab and Ilie, Lucian},
  year={2020},
  month={Dec},
  pages={1206‚Äì1210}
}

@article{Sohangir_2017,
  title={Improved sqrt-cosine similarity measurement},
  volume={4},
  ISSN={2196-1115},
  url={http://dx.doi.org/10.1186/s40537-017-0083-6},
  DOI={10.1186/s40537-017-0083-6},
  number={1},
  journal={Journal of Big Data},
  publisher={Springer Science and Business Media LLC},
  author={Sohangir, Sahar and Wang, Dingding},
  year={2017},
  month={Jul}
}

@inproceedings{Mikolov_2013,
author = {Mikolov, Tomas and Sutskever, Ilya and Chen, Kai and Corrado, Greg and Dean, Jeffrey},
title = {Distributed Representations of Words and Phrases and Their Compositionality},
year = {2013},
publisher = {Curran Associates Inc.},
address = {Red Hook, NY, USA},
abstract = {The recently introduced continuous Skip-gram model is an efficient method for learning
high-quality distributed vector representations that capture a large number of precise
syntactic and semantic word relationships. In this paper we present several extensions
that improve both the quality of the vectors and the training speed. By subsampling
of the frequent words we obtain significant speedup and also learn more regular word
representations. We also describe a simple alternative to the hierarchical softmax
called negative sampling.An inherent limitation of word representations is their indifference
to word order and their inability to represent idiomatic phrases. For example, the
meanings of "Canada" and "Air" cannot be easily combined to obtain "Air Canada". Motivated
by this example, we present a simple method for finding phrases in text, and show
that learning good vector representations for millions of phrases is possible.},
booktitle = {Proceedings of the 26th International Conference on Neural Information Processing Systems - Volume 2},
pages = {3111‚Äì3119},
numpages = {9},
location = {Lake Tahoe, Nevada},
series = {NIPS'13}
}

@article{Manolio:2009,
  title={Finding the missing heritability of complex diseases},
  volume={461},
  ISSN={1476-4687},
  url={http://dx.doi.org/10.1038/nature08494},
  DOI={10.1038/nature08494},
  number={7265},
  journal={Nature},
  publisher={Springer Science and Business Media LLC},
  author={Manolio, Teri A. and Collins, Francis S. and Cox, Nancy J. and Goldstein, David B. and Hindorff, Lucia A. and Hunter, David J. and McCarthy, Mark I. and Ramos, Erin M. and Cardon, Lon R. and Chakravarti, Aravinda and et al.},
  year={2009},
  month={Oct},
  pages={747‚Äì753}
}

@article{Mitsuhashi_2019,
  title={Long-read sequencing for rare human genetic diseases},
  volume={65},
  ISSN={1435-232X},
  url={http://dx.doi.org/10.1038/s10038-019-0671-8},
  DOI={10.1038/s10038-019-0671-8},
  number={1},
  journal={Journal of Human Genetics},
  publisher={Springer Science and Business Media LLC},
  author={Mitsuhashi, Satomi and Matsumoto, Naomichi},
  year={2019},
  month={Sep},
  pages={11‚Äì19}
}

@article{Byrska-Bishop:2021,
  title={High coverage whole genome sequencing of the expanded 1000 Genomes Project cohort including 602 trios},
  url={http://dx.doi.org/10.1101/2021.02.06.430068},
  DOI={10.1101/2021.02.06.430068},
  publisher={Cold Spring Harbor Laboratory},
  author={Byrska-Bishop, Marta and Evani, Uday S. and Zhao, Xuefang and Basile, Anna O. and Abel, Haley J. and Regier, Allison A. and Corvelo, Andr√© and Clarke, Wayne E. and Musunuri, Rajeeva and Nagulapalli, Kshithija and et al.},
  year={2021},
  month={Feb}
}

@article{genin2019,
  title={Missing heritability of complex diseases: case solved?},
  volume={139},
  ISSN={1432-1203},
  url={http://dx.doi.org/10.1007/s00439-019-02034-4},
  DOI={10.1007/s00439-019-02034-4},
  number={1},
  journal={Human Genetics},
  publisher={Springer Science and Business Media LLC},
  author={G√©nin, Emmanuelle},
  year={2019},
  month={Jun},
  pages={103‚Äì113}
}

@article{Suzuki_2018,
  title={Introducing difference recurrence relations for faster semi-global alignment of long sequences},
  volume={19},
  ISSN={1471-2105},
  url={http://dx.doi.org/10.1186/s12859-018-2014-8},
  DOI={10.1186/s12859-018-2014-8},
  number={S1},
  journal={BMC Bioinformatics},
  publisher={Springer Science and Business Media LLC},
  author={Suzuki, Hajime and Kasahara, Masahiro},
  year={2018},
  month={Feb}
}

@article{Cotter_2016,
  title={Genetic Diversity on the Human X Chromosome Does Not Support a Strict Pseudoautosomal Boundary},
  volume={203},
  ISSN={1943-2631},
  url={http://dx.doi.org/10.1534/genetics.114.172692},
  DOI={10.1534/genetics.114.172692},
  number={1},
  journal={Genetics},
  publisher={Oxford University Press (OUP)},
  author={Cotter, Daniel J and Brotman, Sarah M and Wilson Sayres, Melissa A},
  year={2016},
  month={May},
  pages={485‚Äì492}
}

@article{Myers_2005,
  title={The fragment assembly string graph},
  volume={21},
  ISSN={1460-2059},
  url={http://dx.doi.org/10.1093/bioinformatics/bti1114},
  DOI={10.1093/bioinformatics/bti1114},
  number={Suppl 2},
  journal={Bioinformatics},
  publisher={Oxford University Press (OUP)},
  author={Myers, E. W.},
  year={2005},
  month={Sep},
  pages={ii79‚Äìii85}
}

@article{Mose_2019,
  title={Improved indel detection in DNA and RNA via realignment with ABRA2},
  volume={35},
  ISSN={1460-2059},
  url={http://dx.doi.org/10.1093/bioinformatics/btz033},
  DOI={10.1093/bioinformatics/btz033},
  number={17},
  journal={Bioinformatics},
  publisher={Oxford University Press (OUP)},
  author={Mose, Lisle E and Perou, Charles M and Parker, Joel S},
  year={2019},
  month={Jan},
  pages={2966‚Äì2973}
}

@article{Gao_2020,
  title={abPOA: an SIMD-based C library for fast partial order alignment using adaptive band},
  ISSN={1460-2059},
  url={http://dx.doi.org/10.1093/bioinformatics/btaa963},
  DOI={10.1093/bioinformatics/btaa963},
  journal={Bioinformatics},
  publisher={Oxford University Press (OUP)},
  author={Gao, Yan and Liu, Yongzhuang and Ma, Yanmei and Liu, Bo and Wang, Yadong and Xing, Yi},
  year={2020},
  month={Dec}
}

@thesis{harris2007lastz,
  title={Improved Pairwise Alignment of Genomic DNA},
  author={Harris, Robert S},
  school={Pennsylvania State University},
  year={2007}
}

@thesis{Garrison_2019_thesis,
  title={Graphical pangenomics},
  author={Garrison, Erik},
  school={Cambridge University},
  year={2019}
}

@article{human_genome_2001,
  title={Initial sequencing and analysis of the human genome},
  volume={409},
  ISSN={1476-4687},
  url={http://dx.doi.org/10.1038/35057062},
  DOI={10.1038/35057062},
  number={6822},
  journal={Nature},
  publisher={Springer Science and Business Media LLC},
  year={2001},
  month={Feb},
  pages={860‚Äì921}
}

@article{Rozen_2003,
  title={Abundant gene conversion between arms of palindromes in human and ape Y chromosomes},
  volume={423},
  ISSN={1476-4687},
  url={http://dx.doi.org/10.1038/nature01723},
  DOI={10.1038/nature01723},
  number={6942},
  journal={Nature},
  publisher={Springer Science and Business Media LLC},
  author={Rozen, Steve and Skaletsky, Helen and Marszalek, Janet D. and Minx, Patrick J. and Cordum, Holland S. and Waterston, Robert H. and Wilson, Richard K. and Page, David C.},
  year={2003},
  month={Jun},
  pages={873‚Äì876}
}

@article{Garg_2020,
  title={Chromosome-scale, haplotype-resolved assembly of human genomes},
  volume={39},
  ISSN={1546-1696},
  url={http://dx.doi.org/10.1038/s41587-020-0711-0},
  DOI={10.1038/s41587-020-0711-0},
  number={3},
  journal={Nature Biotechnology},
  publisher={Springer Science and Business Media LLC},
  author={Garg, Shilpa and Fungtammasan, Arkarachai and Carroll, Andrew and Chou, Mike and Schmitt, Anthony and Zhou, Xiang and Mac, Stephen and Peluso, Paul and Hatas, Emily and Ghurye, Jay and et al.},
  year={2020},
  month={Dec},
  pages={309‚Äì312}
}

@article{Cheng_2021,
  title={Haplotype-resolved de novo assembly using phased assembly graphs with hifiasm},
  volume={18},
  ISSN={1548-7105},
  url={http://dx.doi.org/10.1038/s41592-020-01056-5},
  DOI={10.1038/s41592-020-01056-5},
  number={2},
  journal={Nature Methods},
  publisher={Springer Science and Business Media LLC},
  author={Cheng, Haoyu and Concepcion, Gregory T. and Feng, Xiaowen and Zhang, Haowen and Li, Heng},
  year={2021},
  month={Feb},
  pages={170‚Äì175}
}

@article{cheng2021robust,
  title={Robust haplotype-resolved assembly of diploid individuals without parental data},
  author={Cheng, Haoyu and Jarvis, Erich D and Fedrigo, Olivier and Koepfli, Klaus-Peter and Urban, Lara and Gemmell, Neil J and Li, Heng},
  journal={arXiv:2109.04785},
  year={2021}
}

@article{Sulovari_2019,
  title={Human-specific tandem repeat expansion and differential gene expression during primate evolution},
  volume={116},
  ISSN={1091-6490},
  url={http://dx.doi.org/10.1073/pnas.1912175116},
  DOI={10.1073/pnas.1912175116},
  number={46},
  journal={Proceedings of the National Academy of Sciences},
  publisher={Proceedings of the National Academy of Sciences},
  author={Sulovari, Arvis and Li, Ruiyang and Audano, Peter A. and Porubsky, David and Vollger, Mitchell R. and Logsdon, Glennis A. and Warren, Wesley C. and Pollen, Alex A. and Chaisson, Mark J. P. and Eichler, Evan E. and et al.},
  year={2019},
  month={Oct},
  pages={23243‚Äì23253}
}

@article{Sudmant_2015,
  title={An integrated map of structural variation in 2,504 human genomes},
  volume={526},
  ISSN={1476-4687},
  url={http://dx.doi.org/10.1038/nature15394},
  DOI={10.1038/nature15394},
  number={7571},
  journal={Nature},
  publisher={Springer Science and Business Media LLC},
  author={Sudmant, Peter H. and Rausch, Tobias and Gardner, Eugene J. and Handsaker, Robert E. and Abyzov, Alexej and Huddleston, John and Zhang, Yan and Ye, Kai and Jun, Goo and et al.},
  year={2015},
  month={Sep},
  pages={75‚Äì81}
}

@article{kimura1969number,
  title={The number of heterozygous nucleotide sites maintained in a finite population due to steady flux of mutations},
  author={Kimura, Motoo},
  journal={Genetics},
  volume={61},
  number={4},
  pages={893},
  year={1969},
  publisher={Genetics Society of America}
}

@article{loh2016,
  title={Reference-based phasing using the Haplotype Reference Consortium panel},
  volume={48},
  ISSN={1546-1718},
  url={http://dx.doi.org/10.1038/ng.3679},
  DOI={10.1038/ng.3679},
  number={11},
  journal={Nature Genetics},
  publisher={Springer Science and Business Media LLC},
  author={Loh, Po-Ru and Danecek, Petr and Palamara, Pier Francesco and Fuchsberger, Christian and A Reshef, Yakir and K Finucane, Hilary and Schoenherr, Sebastian and Forer, Lukas and McCarthy, Shane and Abecasis, Goncalo R and et al.},
  year={2016},
  month={Oct},
  pages={1443‚Äì1448}
}

@article{Menelaou_2012,
  title={Genotype calling and phasing using next-generation sequencing reads and a haplotype scaffold},
  volume={29},
  ISSN={1367-4803},
  url={http://dx.doi.org/10.1093/bioinformatics/bts632},
  DOI={10.1093/bioinformatics/bts632},
  number={1},
  journal={Bioinformatics},
  publisher={Oxford University Press (OUP)},
  author={Menelaou, Androniki and Marchini, Jonathan},
  year={2012},
  month={Oct},
  pages={84‚Äì91}
}

@article{Browning_2018,
  title={A One-Penny Imputed Genome from Next-Generation Reference Panels},
  volume={103},
  ISSN={0002-9297},
  url={http://dx.doi.org/10.1016/j.ajhg.2018.07.015},
  DOI={10.1016/j.ajhg.2018.07.015},
  number={3},
  journal={The American Journal of Human Genetics},
  publisher={Elsevier BV},
  author={Browning, Brian L. and Zhou, Ying and Browning, Sharon R.},
  year={2018},
  month={Sep},
  pages={338‚Äì348}
}

@article{McKenna_2010,
  title={The Genome Analysis Toolkit: A MapReduce framework for analyzing next-generation DNA sequencing data},
  volume={20},
  ISSN={1088-9051},
  url={http://dx.doi.org/10.1101/gr.107524.110},
  DOI={10.1101/gr.107524.110},
  number={9},
  journal={Genome Research},
  publisher={Cold Spring Harbor Laboratory},
  author={McKenna, A. and Hanna, M. and Banks, E. and Sivachenko, A. and Cibulskis, K. and Kernytsky, A. and Garimella, K. and Altshuler, D. and Gabriel, S. and Daly, M. and et al.},
  year={2010},
  month={Jul},
  pages={1297‚Äì1303}
}

@article{Poplin_2018,
  title={A universal SNP and small-indel variant caller using deep neural networks},
  volume={36},
  ISSN={1546-1696},
  url={http://dx.doi.org/10.1038/nbt.4235},
  DOI={10.1038/nbt.4235},
  number={10},
  journal={Nature Biotechnology},
  publisher={Springer Science and Business Media LLC},
  author={Poplin, Ryan and Chang, Pi-Chuan and Alexander, David and Schwartz, Scott and Colthurst, Thomas and Ku, Alexander and Newburger, Dan and Dijamco, Jojo and Nguyen, Nam and Afshar, Pegah T and et al.},
  year={2018},
  month={Sep},
  pages={983‚Äì987}
}
@article{Bailey_2006,
  title={Primate segmental duplications: crucibles of evolution, diversity and disease},
  volume={7},
  ISSN={1471-0064},
  url={http://dx.doi.org/10.1038/nrg1895},
  DOI={10.1038/nrg1895},
  number={7},
  journal={Nature Reviews Genetics},
  publisher={Springer Science and Business Media LLC},
  author={Bailey, Jeffrey A. and Eichler, Evan E.},
  year={2006},
  month={Jun},
  pages={552‚Äì564}
}

@article{Bailey_2002,
  title={Recent Segmental Duplications in the Human Genome},
  volume={297},
  ISSN={1095-9203},
  url={http://dx.doi.org/10.1126/science.1072047},
  DOI={10.1126/science.1072047},
  number={5583},
  journal={Science},
  publisher={American Association for the Advancement of Science (AAAS)},
  author={Bailey, J. A.},
  year={2002},
  month={Aug},
  pages={1003‚Äì1007}
}

@article{Sudmant_2010,
  title={Diversity of Human Copy Number Variation and Multicopy Genes},
  volume={330},
  ISSN={1095-9203},
  url={http://dx.doi.org/10.1126/science.1197005},
  DOI={10.1126/science.1197005},
  number={6004},
  journal={Science},
  publisher={American Association for the Advancement of Science (AAAS)},
  author={Sudmant, Peter H. and Kitzman, Jacob O. and Antonacci, Francesca and Alkan, Can and Malig, Maika and Tsalenko, Anya and Sampas, Nick and Bruhn, Laurakay and Shendure, Jay and Eichler, Evan E. and et al.},
  year={2010},
  month={Oct},
  pages={641‚Äì646}
}

@article{Campbell_2011,
  title={Population-Genetic Properties of Differentiated Human Copy-Number Polymorphisms},
  volume={88},
  ISSN={0002-9297},
  url={http://dx.doi.org/10.1016/j.ajhg.2011.02.004},
  DOI={10.1016/j.ajhg.2011.02.004},
  number={3},
  journal={The American Journal of Human Genetics},
  publisher={Elsevier BV},
  author={Campbell, Catarina¬†D. and Sampas, Nick and Tsalenko, Anya and Sudmant, Peter¬†H. and Kidd, Jeffrey¬†M. and Malig, Maika and Vu, Tiffany¬†H. and Vives, Laura and Tsang, Peter and Bruhn, Laurakay and et al.},
  year={2011},
  month={Mar},
  pages={317‚Äì332}
}

@article{Girirajan_2012,
  title={Phenotypic Heterogeneity of Genomic Disorders and Rare Copy-Number Variants},
  volume={367},
  ISSN={1533-4406},
  url={http://dx.doi.org/10.1056/NEJMoa1200395},
  DOI={10.1056/nejmoa1200395},
  number={14},
  journal={New England Journal of Medicine},
  publisher={Massachusetts Medical Society},
  author={Girirajan, Santhosh and Rosenfeld, Jill A. and Coe, Bradley P. and Parikh, Sumit and Friedman, Neil and Goldstein, Amy and Filipink, Robyn A. and McConnell, Juliann S. and Angle, Brad and Meschino, Wendy S. and et al.},
  year={2012},
  month={Oct},
  pages={1321‚Äì1331}
}

@article{Marques_Bonet_2009,
  title={A burst of segmental duplications in the genome of the African great ape ancestor},
  volume={457},
  ISSN={1476-4687},
  url={http://dx.doi.org/10.1038/nature07744},
  DOI={10.1038/nature07744},
  number={7231},
  journal={Nature},
  publisher={Springer Science and Business Media LLC},
  author={Marques-Bonet, Tomas and Kidd, Jeffrey M. and Ventura, Mario and Graves, Tina A. and Cheng, Ze and Hillier, LaDeana W. and Jiang, Zhaoshi and Baker, Carl and Malfavon-Borja, Ray and Fulton, Lucinda A. and et al.},
  year={2009},
  month={Feb},
  pages={877‚Äì881}
}

@article{Sudmant_2013,
  title={Evolution and diversity of copy number variation in the great ape lineage},
  volume={23},
  ISSN={1088-9051},
  url={http://dx.doi.org/10.1101/gr.158543.113},
  DOI={10.1101/gr.158543.113},
  number={9},
  journal={Genome Research},
  publisher={Cold Spring Harbor Laboratory},
  author={Sudmant, P. H. and Huddleston, J. and Catacchio, C. R. and Malig, M. and Hillier, L. W. and Baker, C. and Mohajeri, K. and Kondova, I. and Bontrop, R. E. and Persengiev, S. and et al.},
  year={2013},
  month={Jul},
  pages={1373‚Äì1382}
}

@article{Crysnanto_2020,
  title={Bovine breed-specific augmented reference graphs facilitate accurate sequence read mapping and unbiased variant discovery},
  volume={21},
  ISSN={1474-760X},
  url={http://dx.doi.org/10.1186/s13059-020-02105-0},
  DOI={10.1186/s13059-020-02105-0},
  number={1},
  journal={Genome Biology},
  publisher={Springer Science and Business Media LLC},
  author={Crysnanto, Danang and Pausch, Hubert},
  year={2020},
  month={Jul}
}

@article{Logsdon_2021,
  title={The structure, function and evolution of a complete human chromosome 8},
  volume={593},
  ISSN={1476-4687},
  url={http://dx.doi.org/10.1038/s41586-021-03420-7},
  DOI={10.1038/s41586-021-03420-7},
  number={7857},
  journal={Nature},
  publisher={Springer Science and Business Media LLC},
  author={Logsdon, Glennis A. and Vollger, Mitchell R. and Hsieh, PingHsun and Mao, Yafei and Liskovykh, Mikhail A. and Koren, Sergey and Nurk, Sergey and Mercuri, Ludovica and Dishuck, Philip C. and Rhie, Arang and et al.},
  year={2021},
  month={Apr},
  pages={101‚Äì107}
}

@article{Mao_2021,
  title={A high-quality bonobo genome refines the analysis of hominid evolution},
  ISSN={1476-4687},
  url={http://dx.doi.org/10.1038/s41586-021-03519-x},
  DOI={10.1038/s41586-021-03519-x},
  journal={Nature},
  publisher={Springer Science and Business Media LLC},
  author={Mao, Yafei and Catacchio, Claudia R. and Hillier, LaDeana W. and Porubsky, David and Li, Ruiyang and Sulovari, Arvis and Fernandes, Jason D. and Montinaro, Francesco and Gordon, David S. and Storer, Jessica M. and et al.},
  year={2021},
  month={May}
}

@article{Kronenberg_2018,
  title={High-resolution comparative analysis of great ape genomes},
  volume={360},
  ISSN={1095-9203},
  url={http://dx.doi.org/10.1126/science.aar6343},
  DOI={10.1126/science.aar6343},
  number={6393},
  journal={Science},
  publisher={American Association for the Advancement of Science (AAAS)},
  author={Kronenberg, Zev N. and Fiddes, Ian T. and Gordon, David and Murali, Shwetha and Cantsilieris, Stuart and Meyerson, Olivia S. and Underwood, Jason G. and Nelson, Bradley J. and Chaisson, Mark J. P. and Dougherty, Max L. and et al.},
  year={2018},
  month={Jun},
  pages={eaar6343}
}

@article{Zody_2008,
  title={Evolutionary toggling of the MAPT 17q21.31 inversion region},
  volume={40},
  ISSN={1546-1718},
  url={http://dx.doi.org/10.1038/ng.193},
  DOI={10.1038/ng.193},
  number={9},
  journal={Nature Genetics},
  publisher={Springer Science and Business Media LLC},
  author={Zody, Michael C and Jiang, Zhaoshi and Fung, Hon-Chung and Antonacci, Francesca and Hillier, LaDeana W and Cardone, Maria Francesca and Graves, Tina A and Kidd, Jeffrey M and Cheng, Ze and Abouelleil, Amr and et al.},
  year={2008},
  month={Aug},
  pages={1076‚Äì1083}
}

@article{Stefansson_2005,
  title={A common inversion under selection in Europeans},
  volume={37},
  ISSN={1546-1718},
  url={http://dx.doi.org/10.1038/ng1508},
  DOI={10.1038/ng1508},
  number={2},
  journal={Nature Genetics},
  publisher={Springer Science and Business Media LLC},
  author={Stefansson, Hreinn and Helgason, Agnar and Thorleifsson, Gudmar and Steinthorsdottir, Valgerdur and Masson, Gisli and Barnard, John and Baker, Adam and Jonasdottir, Aslaug and Ingason, Andres and Gudnadottir, Vala G and et al.},
  year={2005},
  month={Jan},
  pages={129‚Äì137}
}

@article{Steinberg_2012,
  title={Structural diversity and African origin of the 17q21.31 inversion polymorphism},
  volume={44},
  ISSN={1546-1718},
  url={http://dx.doi.org/10.1038/ng.2335},
  DOI={10.1038/ng.2335},
  number={8},
  journal={Nature Genetics},
  publisher={Springer Science and Business Media LLC},
  author={Steinberg, Karyn Meltz and Antonacci, Francesca and Sudmant, Peter H and Kidd, Jeffrey M and Campbell, Catarina D and Vives, Laura and Malig, Maika and Scheinfeldt, Laura and Beggs, William and Ibrahim, Muntaser and et al.},
  year={2012},
  month={Jul},
  pages={872‚Äì880}
}

@article{Miga_2020,
  title={Telomere-to-telomere assembly of a complete human X chromosome},
  volume={585},
  ISSN={1476-4687},
  url={http://dx.doi.org/10.1038/s41586-020-2547-7},
  DOI={10.1038/s41586-020-2547-7},
  number={7823},
  journal={Nature},
  publisher={Springer Science and Business Media LLC},
  author={Miga, Karen H. and Koren, Sergey and Rhie, Arang and Vollger, Mitchell R. and Gershman, Ariel and Bzikadze, Andrey and Brooks, Shelise and Howe, Edmund and Porubsky, David and Logsdon, Glennis A. and et al.},
  year={2020},
  month={Jul},
  pages={79‚Äì84}
}

@article{HGRC_2001,
  title={Initial sequencing and analysis of the human genome},
  volume={409},
  ISSN={1476-4687},
  url={http://dx.doi.org/10.1038/35057062},
  DOI={10.1038/35057062},
  number={6822},
  journal={Nature},
  publisher={Springer Science and Business Media LLC},
  year={2001},
  month={Feb},
  pages={860‚Äì921}
}

@article{Ebert_2021,
  title={Haplotype-resolved diverse human genomes and integrated analysis of structural variation},
  volume={372},
  ISSN={1095-9203},
  url={http://dx.doi.org/10.1126/science.abf7117},
  DOI={10.1126/science.abf7117},
  number={6537},
  journal={Science},
  publisher={American Association for the Advancement of Science (AAAS)},
  author={Ebert, Peter and Audano, Peter A. and Zhu, Qihui and Rodriguez-Martin, Bernardo and Porubsky, David and Bonder, Marc Jan and Sulovari, Arvis and Ebler, Jana and Zhou, Weichen and Serra Mari, Rebecca and et al.},
  year={2021},
  month={Feb},
  pages={eabf7117}
}

@article{Baaijens_2019,
  title={Full-length de novo viral quasispecies assembly through variation graph construction},
  volume={35},
  ISSN={1460-2059},
  url={http://dx.doi.org/10.1093/bioinformatics/btz443},
  DOI={10.1093/bioinformatics/btz443},
  number={24},
  journal={Bioinformatics},
  publisher={Oxford University Press (OUP)},
  author={Baaijens, Jasmijn A and Van der Roest, Bastiaan and K√∂ster, Johannes and Stougie, Leen and Sch√∂nhuth, Alexander},
  year={2019},
  month={May},
  pages={5086‚Äì5094}
}

@article{Ebler_2020,
  title={Pangenome-based genome inference},
  url={http://dx.doi.org/10.1101/2020.11.11.378133},
  DOI={10.1101/2020.11.11.378133},
  publisher={Cold Spring Harbor Laboratory},
  journal={BioRxiv},
  author={Ebler, Jana and Clarke, Wayne E. and Rausch, Tobias and Audano, Peter A. and Houwaart, Torsten and Korbel, Jan and Eichler, Evan E. and Zody, Michael C. and Dilthey, Alexander T. and Marschall, Tobias},
  year={2020},
  month={Nov}
}

@article{Antonacci_2014,
  title={Palindromic GOLGA8 core duplicons promote chromosome 15q13.3 microdeletion and evolutionary instability},
  volume={46},
  ISSN={1546-1718},
  url={http://dx.doi.org/10.1038/ng.3120},
  DOI={10.1038/ng.3120},
  number={12},
  journal={Nature Genetics},
  publisher={Springer Science and Business Media LLC},
  author={Antonacci, Francesca and Dennis, Megan Y and Huddleston, John and Sudmant, Peter H and Steinberg, Karyn Meltz and Rosenfeld, Jill A and Miroballo, Mattia and Graves, Tina A and Vives, Laura and Malig, Maika and et al.},
  year={2014},
  month={Oct},
  pages={1293‚Äì1302}
}

@article{Dennis_2016,
  title={Human adaptation and evolution by segmental duplication},
  volume={41},
  ISSN={0959-437X},
  url={http://dx.doi.org/10.1016/j.gde.2016.08.001},
  DOI={10.1016/j.gde.2016.08.001},
  journal={Current Opinion in Genetics and Development},
  publisher={Elsevier BV},
  author={Dennis, Megan Y and Eichler, Evan E},
  year={2016},
  month={Dec},
  pages={44‚Äì52}
}

@article{Llamas_2019,
  title={A strategy for building and using a human reference pangenome},
  volume={8},
  ISSN={2046-1402},
  url={http://dx.doi.org/10.12688/f1000research.19630.1},
  DOI={10.12688/f1000research.19630.1},
  journal={F1000Research},
  publisher={F1000 Research Ltd},
  author={Llamas, Bastien and Narzisi, Giuseppe and Schneider, Valerie and Audano, Peter A. and Biederstedt, Evan and Blauvelt, Lon and Bradbury, Peter and Chang, Xian and Chin, Chen-Shan and Fungtammasan, Arkarachai and et al.},
  year={2019},
  month={Oct},
  pages={1751}
}

@article{Haeussler_2018,
  title={The UCSC Genome Browser database: 2019 update},
  volume={47},
  ISSN={1362-4962},
  url={http://dx.doi.org/10.1093/nar/gky1095},
  DOI={10.1093/nar/gky1095},
  number={D1},
  journal={Nucleic Acids Research},
  publisher={Oxford University Press (OUP)},
  author={Haeussler, Maximilian and Zweig, Ann S and Tyner, Cath and Speir, Matthew L and Rosenbloom, Kate R and Raney, Brian J and Lee, Christopher M and Lee, Brian T and Hinrichs, Angie S and Gonzalez, Jairo Navarro and et al.},
  year={2018},
  month={Nov},
  pages={D853‚ÄìD858}
}

@article{Sekar_2016,
  title={Schizophrenia risk from complex variation of complement component 4},
  volume={530},
  ISSN={1476-4687},
  url={http://dx.doi.org/10.1038/nature16549},
  DOI={10.1038/nature16549},
  number={7589},
  journal={Nature},
  publisher={Springer Science and Business Media LLC},
  author={Sekar, Aswin and Bialas, Allison R. and de Rivera, Heather and Davis, Avery and Hammond, Timothy R. and Kamitaki, Nolan and Tooley, Katherine and Presumey, Jessy and Baum, Matthew and et al.},
  year={2016},
  month={Jan},
  pages={177‚Äì183}
}

@article{Hollox_2008,
  title={Directional and balancing selection in human beta-defensins},
  volume={8},
  ISSN={1471-2148},
  url={http://dx.doi.org/10.1186/1471-2148-8-113},
  DOI={10.1186/1471-2148-8-113},
  number={1},
  journal={BMC Evolutionary Biology},
  publisher={Springer Science and Business Media LLC},
  author={Hollox, Edward J and Armour, John AL},
  year={2008},
  pages={113}
}

@article{Dennis_2012,
  title={Evolution of Human-Specific Neural SRGAP2 Genes by Incomplete Segmental Duplication},
  volume={149},
  ISSN={0092-8674},
  url={http://dx.doi.org/10.1016/j.cell.2012.03.033},
  DOI={10.1016/j.cell.2012.03.033},
  number={4},
  journal={Cell},
  publisher={Elsevier BV},
  author={Dennis, Megan¬†Y. and Nuttle, Xander and Sudmant, Peter¬†H. and Antonacci, Francesca and Graves, Tina¬†A. and Nefedov, Mikhail and Rosenfeld, Jill¬†A. and Sajjadian, Saba and Malig, Maika and Kotkiewicz, Holland and et al.},
  year={2012},
  month={May},
  pages={912‚Äì922}
}

@article{McLean_2011,
  title={Human-specific loss of regulatory DNA and the evolution of human-specific traits},
  volume={471},
  ISSN={1476-4687},
  url={http://dx.doi.org/10.1038/nature09774},
  DOI={10.1038/nature09774},
  number={7337},
  journal={Nature},
  publisher={Springer Science and Business Media LLC},
  author={McLean, Cory Y. and Reno, Philip L. and Pollen, Alex A. and Bassan, Abraham I. and Capellini, Terence D. and Guenther, Catherine and Indjeian, Vahan B. and Lim, Xinhong and Menke, Douglas B. and Schaar, Bruce T. and et al.},
  year={2011},
  month={Mar},
  pages={216‚Äì219}
}

@article{Sundaram_2018,
  title={Predicting the clinical impact of human mutation with deep neural networks},
  volume={50},
  ISSN={1546-1718},
  url={http://dx.doi.org/10.1038/s41588-018-0167-z},
  DOI={10.1038/s41588-018-0167-z},
  number={8},
  journal={Nature Genetics},
  publisher={Springer Science and Business Media LLC},
  author={Sundaram, Laksshman and Gao, Hong and Padigepati, Samskruthi Reddy and McRae, Jeremy F. and Li, Yanjun and Kosmicki, Jack A. and Fritzilas, Nondas and Hakenberg, J√∂rg and Dutta, Anindita and Shon, John and et al.},
  year={2018},
  month={Jul},
  pages={1161‚Äì1170}
}

@article{Prado_Martinez_2013,
  title={Great ape genetic diversity and population history},
  volume={499},
  ISSN={1476-4687},
  url={http://dx.doi.org/10.1038/nature12228},
  DOI={10.1038/nature12228},
  number={7459},
  journal={Nature},
  publisher={Springer Science and Business Media LLC},
  author={Prado-Martinez, Javier and Sudmant, Peter H. and Kidd, Jeffrey M. and Li, Heng and Kelley, Joanna L. and Lorente-Galdos, Belen and Veeramah, Krishna R. and Woerner, August E. and O‚ÄôConnor, Timothy D. and Santpere, Gabriel and et al.},
  year={2013},
  month={Jul},
  pages={471‚Äì475}
}

@article{Li_2018,
  title={Minimap2: pairwise alignment for nucleotide sequences},
  volume={34},
  ISSN={1460-2059},
  url={http://dx.doi.org/10.1093/bioinformatics/bty191},
  DOI={10.1093/bioinformatics/bty191},
  number={18},
  journal={Bioinformatics},
  publisher={Oxford University Press (OUP)},
  author={Li, Heng},
  year={2018},
  month={May},
  pages={3094‚Äì3100}
}

@article{Jain_2020,
  title={Weighted minimizer sampling improves long read mapping},
  volume={36},
  ISSN={1460-2059},
  url={http://dx.doi.org/10.1093/bioinformatics/btaa435},
  DOI={10.1093/bioinformatics/btaa435},
  number={Supplement1},
  journal={Bioinformatics},
  publisher={Oxford University Press (OUP)},
  author={Jain, Chirag and Rhie, Arang and Zhang, Haowen and Chu, Claudia and Walenz, Brian P and Koren, Sergey and Phillippy, Adam M.},
  year={2020},
  month={Jul},
  pages={i111‚Äìi118}
}

@article{Agoglia_2021,
  title={Primate cell fusion disentangles gene regulatory divergence in neurodevelopment},
  volume={592},
  ISSN={1476-4687},
  url={http://dx.doi.org/10.1038/s41586-021-03343-3},
  DOI={10.1038/s41586-021-03343-3},
  number={7854},
  journal={Nature},
  publisher={Springer Science and Business Media LLC},
  author={Agoglia, Rachel M. and Sun, Danqiong and Birey, Fikri and Yoon, Se-Jin and Miura, Yuki and Sabatini, Karen and Pa»ôca, Sergiu P. and Fraser, Hunter B.},
  year={2021},
  month={Mar},
  pages={421‚Äì427}
}

@article{Gokhman_2021,
  title={Human‚Äìchimpanzee fused cells reveal cis-regulatory divergence underlying skeletal evolution},
  volume={53},
  ISSN={1546-1718},
  url={http://dx.doi.org/10.1038/s41588-021-00804-3},
  DOI={10.1038/s41588-021-00804-3},
  number={4},
  journal={Nature Genetics},
  publisher={Springer Science and Business Media LLC},
  author={Gokhman, David and Agoglia, Rachel M. and Kinnebrew, Maia and Gordon, Wei and Sun, Danqiong and Bajpai, Vivek K. and Naqvi, Sahin and Chen, Coral and Chan, Anthony and Chen, Chider and et al.},
  year={2021},
  month={Mar},
  pages={467‚Äì476}
}

@article{Lu_2020,
  title={Profiling variable-number tandem repeat variation across populations using repeat-pangenome graphs},
  url={http://dx.doi.org/10.1101/2020.08.13.249839},
  DOI={10.1101/2020.08.13.249839},
  publisher={Cold Spring Harbor Laboratory},
  journal={BioRxiv},
  author={Lu, Tsung-Yu and Chaisson, Mark},
  year={2020},
  month={Aug}
}

@article{Gao_2019,
  title={TideHunter: efficient and sensitive tandem repeat detection from noisy long-reads using seed-and-chain},
  volume={35},
  ISSN={1460-2059},
  url={http://dx.doi.org/10.1093/bioinformatics/btz376},
  DOI={10.1093/bioinformatics/btz376},
  number={14},
  journal={Bioinformatics},
  publisher={Oxford University Press (OUP)},
  author={Gao, Yan and Liu, Bo and Wang, Yadong and Xing, Yi},
  year={2019},
  month={Jul},
  pages={i200‚Äìi207}
}

@article{Jiang_2007,
  title={Ancestral reconstruction of segmental duplications reveals punctuated cores of human genome evolution},
  volume={39},
  ISSN={1546-1718},
  url={http://dx.doi.org/10.1038/ng.2007.9},
  DOI={10.1038/ng.2007.9},
  number={11},
  journal={Nature Genetics},
  publisher={Springer Science and Business Media LLC},
  author={Jiang, Zhaoshi and Tang, Haixu and Ventura, Mario and Cardone, Maria Francesca and Marques-Bonet, Tomas and She, Xinwei and Pevzner, Pavel A and Eichler, Evan E},
  year={2007},
  month={Oct},
  pages={1361‚Äì1368}
}

@article{Pevzner_2004,
  title={De Novo Repeat Classification and Fragment Assembly},
  volume={14},
  ISSN={1088-9051},
  url={http://dx.doi.org/10.1101/gr.2395204},
  DOI={10.1101/gr.2395204},
  number={9},
  journal={Genome Research},
  publisher={Cold Spring Harbor Laboratory},
  author={Pevzner, P. A.},
  year={2004},
  month={Sep},
  pages={1786‚Äì1796}
}

@article{Wick_2015,
  title={Bandage: interactive visualization ofde novogenome assemblies: Fig. 1.},
  volume={31},
  ISSN={1460-2059},
  url={http://dx.doi.org/10.1093/bioinformatics/btv383},
  DOI={10.1093/bioinformatics/btv383},
  number={20},
  journal={Bioinformatics},
  publisher={Oxford University Press (OUP)},
  author={Wick, Ryan R. and Schultz, Mark B. and Zobel, Justin and Holt, Kathryn E.},
  year={2015},
  month={Jun},
  pages={3350‚Äì3352}
}

@article{sibbesen2023haplotype,
  title={Haplotype-aware pantranscriptome analyses using spliced pangenome graphs},
  author={Sibbesen, Jonas A and Eizenga, Jordan M and Novak, Adam M and Sir{\'e}n, Jouni and Chang, Xian and Garrison, Erik and Paten, Benedict},
  journal={Nature Methods},
  pages={1--9},
  year={2023},
  publisher={Nature Publishing Group US New York}
}

@article{garrison2022spectrum,
  title={A spectrum of free software tools for processing the VCF variant call format: vcflib, bio-vcf, cyvcf2, hts-nim and slivar},
  author={Garrison, Erik and Kronenberg, Zev N and Dawson, Eric T and Pedersen, Brent S and Prins, Pjotr},
  journal={PLOS Computational Biology},
  volume={18},
  number={5},
  pages={e1009123},
  year={2022},
  publisher={Public Library of Science San Francisco, CA USA}
}

@article{nurk2022complete,
  title={The complete sequence of a human genome},
  author={Nurk, Sergey and Koren, Sergey and Rhie, Arang and Rautiainen, Mikko and Bzikadze, Andrey V and Mikheenko, Alla and Vollger, Mitchell R and Altemose, Nicolas and Uralsky, Lev and Gershman, Ariel and others},
  journal={Science},
  volume={376},
  number={6588},
  pages={44--53},
  year={2022},
  publisher={American Association for the Advancement of Science}
}

@article{guarracino2022odgi,
  title={ODGI: understanding pangenome graphs},
  author={Guarracino, Andrea and Heumos, Simon and Nahnsen, Sven and Prins, Pjotr and Garrison, Erik},
  journal={Bioinformatics},
  volume={38},
  number={13},
  pages={3319--3326},
  year={2022},
  publisher={Oxford University Press}
}

@article{garrison2023unbiased,
  title={Unbiased pangenome graphs},
  author={Garrison, Erik and Guarracino, Andrea},
  journal={Bioinformatics},
  volume={39},
  number={1},
  pages={btac743},
  year={2023},
  publisher={Oxford University Press}
}

@article{jarvis2022automated,
  title={Automated assembly of high-quality diploid human reference genomes},
  author={Jarvis, Erich D and Formenti, Giulio and Rhie, Arang and Guarracino, Andrea and Yang, Chentao and Wood, Jonathan and Tracey, Alan and Thibaud-Nissen, Francoise and Vollger, Mitchell R and Porubsky, David and others},
  journal={bioRxiv},
  pages={2022--03},
  year={2022},
  publisher={Cold Spring Harbor Laboratory}
}

@article{braun2022virgin,
  title={Virgin Birth: A genetic basis for facultative parthenogenesis},
  author={Braun, Alexis L and Fabian, Daniel K and Garrison, Erik and Glover, David M},
  journal={bioRxiv},
  pages={2022--03},
  year={2022},
  publisher={Cold Spring Harbor Laboratory}
}

@article{marco2023optimal,
  title={Optimal gap-affine alignment in O (s) space},
  author={Marco-Sola, Santiago and Eizenga, Jordan M and Guarracino, Andrea and Paten, Benedict and Garrison, Erik and Moreto, Miquel},
  journal={Bioinformatics},
  volume={39},
  number={2},
  pages={btad074},
  year={2023},
  publisher={Oxford University Press}
}

@article{wang2022human,
  title={The Human Pangenome Project: a global resource to map genomic diversity},
  author={Wang, Ting and Antonacci-Fulton, Lucinda and Howe, Kerstin and Lawson, Heather A and Lucas, Julian K and Phillippy, Adam M and Popejoy, Alice B and Asri, Mobin and Carson, Caryn and Chaisson, Mark JP and others},
  journal={Nature},
  volume={604},
  number={7906},
  pages={437--446},
  year={2022},
  publisher={Nature Publishing Group UK London}
}

@article{mwaniki2022fast,
  title={Fast Exact String to D-Texts Alignments},
  author={Mwaniki, Njagi Moses and Garrison, Erik and Pisanti, Nadia},
  journal={arXiv preprint arXiv:2206.03242},
  year={2022}
}

@article{liao2023draft,
  title={A draft human pangenome reference},
  author={Liao, Wen-Wei and Asri, Mobin and Ebler, Jana and Doerr, Daniel and Haukness, Marina and Hickey, Glenn and Lu, Shuangjia and Lucas, Julian K and Monlong, Jean and Abel, Haley J and {\ldots} and Garrison, Erik and Marschall, Tobias and Hall, Ira M and Li, Heng and Paten, Benedict},
  journal={Nature},
  volume={617},
  number={7960},
  pages={312--324},
  year={2023},
  publisher={Nature Publishing Group UK London}
}

@article{guarracino2023recombination,
  title={Recombination between heterologous human acrocentric chromosomes},
  author={Guarracino, Andrea and Buonaiuto, Silvia and de Lima, Leonardo Gomes and Potapova, Tamara and Rhie, Arang and Koren, Sergey and Rubinstein, Boris and Fischer, Christian and Gerton, Jennifer L and Phillippy, Adam M and Colonna, Vincenza and Garrison, Erik},
  journal={Nature},
  volume={617},
  number={7960},
  pages={335--343},
  year={2023},
  publisher={Nature Publishing Group UK London}
}

@article{jarvis2022semi,
  title={Semi-automated assembly of high-quality diploid human reference genomes},
  author={Jarvis, Erich D and Formenti, Giulio and Rhie, Arang and Guarracino, Andrea and Yang, Chentao and Wood, Jonathan and Tracey, Alan and Thibaud-Nissen, Francoise and Vollger, Mitchell R and Porubsky, David and others},
  journal={Nature},
  pages={1--13},
  year={2022},
  publisher={Nature Publishing Group UK London}
}

@article{garrison2023building,
  title={Building pangenome graphs},
  author={Garrison, Erik and Guarracino, Andrea and Heumos, Simon and Villani, Flavia and Bao, Zhigui and Tattini, Lorenzo and Hagmann, J{\"o}rg and Vorbrugg, Sebastian and Marco-Sola, Santiago and Kubica, Christian and others},
  journal={bioRxiv},
  pages={2023--04},
  year={2023},
  publisher={Cold Spring Harbor Laboratory}
}

@article{de2023revamped,
  title={A revamped rat reference genome improves the discovery of genetic diversity in laboratory rats},
  author={de Jong, Tristan V and Pan, Yanchao and Rastas, Pasi and Munro, Daniel and Tutaj, Monika and Akil, Huda and Benner, Chris and Chitre, Apurva S and Chow, William and Colonna, Vincenza and others},
  journal={bioRxiv},
  pages={2023--04},
  year={2023},
  publisher={Cold Spring Harbor Laboratory}
}

@article{Sperling2023,
	doi = {10.1016/j.cub.2023.07.006},
	url = {https://doi.org/10.1016\%2Fj.cub.2023.07.006},
	year = 2023,
	month = {sep},
	publisher = {Elsevier {BV}},
	volume = {33},
	number = {17},
	pages = {3545--3560.e13},
	author = {Alexis L. Sperling and Daniel K. Fabian and Erik Garrison and David M. Glover},
	title = {A genetic basis for facultative parthenogenesis in Drosophila},
	journal = {Current Biology}
}

@article{porubsky2023gaps,
  title={Gaps and complex structurally variant loci in phased genome assemblies},
  author={Porubsky, David and Vollger, Mitchell R and Harvey, William T and Rozanski, Allison N and Ebert, Peter and Hickey, Glenn and Hasenfeld, Patrick and Sanders, Ashley D and Stober, Catherine and Korbel, Jan O and others},
  journal={Genome Research},
  volume={33},
  number={4},
  pages={496--510},
  year={2023},
  publisher={Cold Spring Harbor Lab}
}

@article{kille2023minmers,
  title={Minmers are a generalization of minimizers that enable unbiased local Jaccard estimation},
  author={Kille, Bryce and Garrison, Erik and Treangen, Todd and Phillippy, Adam M},
  journal={bioRxiv},
  pages={2023--05},
  year={2023},
  publisher={Cold Spring Harbor Laboratory}
}

@article{Rhie2023,
	doi = {10.1038/s41586-023-06457-y},
	url = {https://doi.org/10.1038\%2Fs41586-023-06457-y},
	year = 2023,
	month = {aug},
	publisher = {Springer Science and Business Media {LLC}},
	volume = {621},
	number = {7978},
	pages = {344--354},
	author = {Arang Rhie and Sergey Nurk and Monika Cechova and Savannah J. Hoyt and Dylan J. Taylor and Nicolas Altemose and ... and Erik Garrison and ... and Evan E. Eichler and Rachel J. O'Neill and Michael C. Schatz and Karen H. Miga and Kateryna D. Makova and Adam M. Phillippy},
	title = {The complete sequence of a human Y chromosome},
	journal = {Nature}
}

@article{Sperling_2023,
        doi = {10.1016/j.cub.2023.07.006},
        url = {https://doi.org/10.1016%2Fj.cub.2023.07.006},
        year = 2023,
        month = {sep},
        publisher = {Elsevier {BV}},
        volume = {33},
        number = {17},
        pages = {3545--3560.e13},
        author = {Alexis L. Sperling and Daniel K. Fabian and Erik Garrison and David M. Glover},
        title = {A genetic basis for facultative parthenogenesis in Drosophila},
        journal = {Current Biology}
}

@article{Heumos_2023,
	doi = {10.1101/2023.09.22.558964},
	url = {https://doi.org/10.1101%2F2023.09.22.558964},
	year = 2023,
	month = {sep},
    journal={bioRxiv},
	publisher = {Cold Spring Harbor Laboratory},
	author = {Simon Heumos and Andrea Guarracino and Jan-Niklas M. Schmelzle and Jiajie Li and Zhiru Zhang and J√∂rg Hagmann and Sven Nahnsen and Pjotr Prins and Erik Garrison},
	title = {Pangenome graph layout by Path-Guided Stochastic Gradient Descent}
}
